3078 5096
791 403 829 463 22

266 584 314 650 Ne
337 588 444 648 tamen
466 583 536 663 quis
560 584 676 662 credat,
699 582 913 664 Capitolinum
937 583 986 650 his
1015 582 1119 649 verbis
1141 601 1202 648 non
1225 583 1283 664 uti,
1307 582 1366 648 nisi

266 692 306 758 ad
328 690 425 756 alium
457 695 602 756 transeat
623 692 754 771 fontem,
777 692 862 758 locos
886 709 993 758 omnes
1015 689 1156 771 afferam,
1177 691 1293 774 quibus
1306 691 1363 756 (la-

265 801 417 881 pitoliuus
449 801 527 866 haec
558 802 654 866 verba
686 801 783 884 ponit.
830 800 949 866 »Sanun
983 801 1031 866 bis
1060 801 1197 883 positum
1232 805 1282 865 est
1303 801 1366 865 alio

265 906 353 974 toute
368 925 431 972 uon
451 907 591 974 adhibito
608 913 655 989 19,
681 914 729 974 lo.
754 913 802 986 21,
831 910 967 974 5001101
990 927 1062 978 eum
1078 910 1111 974 in
1131 907 1257 974 modum
1270 925 1364 988 quem

266 1033 362 1096 supra
392 1015 613 1081 adnotavimus
642 1021 669 1096 5,
694 1020 722 1082 2.
753 1020 802 1096 12,
834 1018 862 1082 6.
888 1019 935 1094 15,
959 1019 988 1080 2.
1015 1018 1062 1094 18,
1086 1018 1115 1093 4,
1142 1017 1190 1092 18,
1215 1018 1243 1080 5.
1264 1017 1314 1093 22,
1338 1018 1366 1078 3.

268 1127 318 1203 22,
341 1129 370 1188 5.
394 1126 443 1201 23,
467 1128 496 1190 9.
519 1128 569 1204 29,
592 1128 621 1189 4.
669 1125 848 1204 »Denique«
873 1125 904 1189 in
927 1124 1020 1189 Marii
1042 1123 1173 1188 Maximi
1207 1122 1365 1205 epitomen

266 1232 387 1298 inditur
407 1236 434 1312 7,
457 1238 486 1297 2.
516 1237 545 1313 8,
572 1237 618 1299 14.
651 1238 700 1314 14,
723 1236 752 1298 6.
775 1237 824 1312 25,
849 1238 896 1299 11.
921 1236 1040 1313 26,13,
1071 1233 1168 1297 alium
1202 1237 1365 1297 auctorem

266 1341 384 1407 indicat
410 1345 456 1421 18,
483 1345 510 1406 3.
535 1346 582 1420 18,
607 1345 635 1405 6.
661 1346 710 1422 19,
735 1347 783 1406 11.
807 1346 856 1421 22,
877 1346 905 1407 4.
943 1340 1158 1407 seruatores«
1175 1341 1236 1407 hac
1255 1342 1368 1406 invita

267 1469 461 1531 sempersuo
490 1452 559 1516 loco
571 1450 770 1533 Capitolinus
783 1449 914 1516 adhibet
937 1455 963 1531 1,
988 1454 1016 1514 3.
1039 1455 1068 1531 4,
1091 1454 1119 1515 9.
1145 1455 1193 1530 10,
1216 1455 1245 1515 8.
1270 1455 1318 1528 11,
1339 1453 1367 1514 9.

275 1563 321 1640 12,
346 1564 374 1624 7.
397 1565 447 1639 21,
471 1562 498 1624 7.

367 1668 481 1733 Restat
503 1672 538 1733 ut
552 1667 591 1732 de
606 1667 699 1734 Μο111
710 1667 841 1734 Maximi
864 1667 926 1733 fide
948 1667 1090 1733 inMarci
1112 1666 1178 1733 vita
1189 1667 1368 1732 enarranda

217 1847 219 1852 ,
268 1775 428 1841 disseram.
473 1776 626 1854 Quicum
649 1779 680 1842 in
702 1777 785 1842 bello
800 1777 1052 1843 Marcomannico
1077 1774 1252 1840 enarrando
1274 1775 1369 1857 longa

268 1886 438 1951 abhorreat
470 1903 488 1948 a
517 1883 689 1968 Xiphilino,
722 1891 916 1951 nontamen
946 1883 1038 1950 Marii
1060 1883 1193 1948 Maximi
1227 1885 1369 1950 narratio
1441 1901 1446 1906 ’
1523 1883 1524 1886 ’

268 1999 333 2059 tam
368 2013 520 2075 perversa
557 2001 604 2061 est
637 2013 733 2078 quam
760 1995 861 2060 voluit
894 1993 1171 2074 Wietersheim1).
1206 1992 1367 2070 Quantum

269 2102 487 2168 0110101022
521 2104 561 2169 ad
582 2103 772 2169 Germaniae
801 2107 911 2184 gentes
933 2101 1162 2184 cognoscendas
1195 2119 1287 2167 nemo
1310 2106 1368 2183 est,

269 2213 323 2292 qui
352 2229 414 2276 non
436 2213 550 2278 videat.
594 2212 655 2278 Sed
689 2231 760 2277 cum
783 2212 926 2292 quaestio
951 2212 989 2277 de
1012 2211 1094 2277 bello
1115 2209 1369 2276 Marcomannico

268 2319 392 2401 longior
413 2321 464 2400 sit,
488 2337 583 2400 quam
606 2339 688 2401 quae
701 2319 774 2385 huic
795 2319 1013 2385 dissertationi
1034 2319 1098 2385 indi
1120 2320 1228 2400 possit,
1252 2319 1313 2384 iam
1329 2318 1371 2384 ad

269 2429 350 2494 alios
373 2429 457 2496 locos
480 2429 663 2495 tractandos
685 2429 861 2510 aggrediar.
905 2429 1010 2510 Atque
1035 2430 1067 2494 id
1089 2425 1215 2509 quidem
1237 2431 1372 2512 apparet

269 2535 406 2602 Marium
419 2536 594 2601 Maximum
611 2541 758 2602 accurate
776 2541 808 2601 01
826 2537 993 2619 diligenter
1017 2537 1187 2618 collegisse,
1212 2554 1369 2616 quaecun-

270 2665 331 2728 que
354 2645 393 2710 de
415 2643 524 2710 Marco
546 2645 685 2710 invenire
708 2652 825 2726 posset.
869 2645 1013 2727 Familia,
1034 2647 1192 2726 iuventus,
1223 2647 1369 2712 educatio

270 2754 369 2821 Marci
387 2754 622 2820 accuratissime
646 2761 848 2834 exponuntur
860 2756 997 2835 itemque
1020 2773 1237 2836 quaecumque
1250 2756 1370 2820 Romae

270 2868 362 2929 erant
383 2864 477 2942 facta,
501 2862 603 2928 edicta
624 2863 833 2943 imperatoris,
867 2863 979 2929 deinde
1001 2881 1083 2942 quae
1105 2864 1145 2929 ad
1175 2883 1242 2930 rem
1267 2862 1368 2944 publi-

269 2989 339 3036 cam
361 2971 641 3038 administrandam
667 2972 778 3037 attulit
800 2971 935 3037 Marcus.
979 2973 1083 3036 Minus
1104 2978 1251 3038 accurate
1274 2977 1371 3052 atque

270 3080 427 3161 explicate
450 3082 490 3146 de
511 3081 604 3145 bellis
625 3081 921 3162 provinciarumque
942 3086 1030 3146 statu
1053 3082 1172 3147 retulit.

368 3189 503 3256 Errasse
535 3189 661 3256 videtur
690 3189 811 3256 Marius
843 3188 1002 3256 Maximus
1034 3191 1072 3256 de
1103 3190 1226 3254 nomine
1260 3190 1370 3256 matris

271 3297 371 3363 Marci
395 3300 436 3379 (l,
460 3302 491 3376 3)
515 3316 597 3379 quac
622 3298 779 3364 »Domitia
800 3298 943 3378 Caluilla,
969 3299 1085 3364 Calvisi
1115 3298 1196 3364 Tulli
1230 3299 1276 3363 bis
1299 3317 1371 3364 con-

270 3407 348 3472 sulis
370 3405 657 3472 filiauominatur.«
703 3408 802 3472 Marci
826 3408 908 3473 euim
922 3409 1047 3490 scriptis
1061 3409 1089 3491 ²)
1111 3411 1236 3474 constat
1256 3425 1372 3472 nomen

270 3516 338 3579 eius
370 3512 467 3580 luisse
499 3515 670 3579 Domitiam
704 3515 868 3580 Lucillam.
913 3514 974 3580 Sed
1008 3533 1079 3580 cum
1105 3515 1137 3580 in
1169 3517 1235 3580 vita
1256 3514 1371 3580 Iuliani

272 3639 396 3702 quoqne
430 3626 472 3704 11,
497 3623 529 3703 3)
558 3622 658 3687 Marci
696 3625 799 3686 mater
820 3621 977 3688 »Domitia
1009 3621 1148 3688 Lucilla«
1183 3623 1371 3702 nominetur,

272 3747 367 3810 quem
392 3731 497 3795 locum
519 3747 536 3792 e
556 3727 659 3794 Mario
679 3727 818 3794 Maximo
847 3727 975 3794 duxisse
997 3747 1053 3811 pro
1077 3735 1162 3796 certo
1189 3731 1277 3809 duco,
1308 3749 1372 3796 uon

272 3838 379 3903 dubito
412 3839 488 3918 quin
520 3837 641 3904 Marius
664 3836 822 3903 Maximus
856 3855 991 3920 eumque
1022 3844 1150 3905 secutus
1174 3838 1371 3921 Capitolinus

375 4090 401 4140 li
420 4085 452 4141 L.
470 4103 493 4141 o.
513 4086 547 4140 11.
588 4089 649 4143 .2³.

370 4123 401 4251 11
414 4183 524 4239 Marcus
542 4105 610 4239 1111.
631 4179 794 4246 111ςὲ010161
811 4183 854 4240 ad.
876 4183 915 4240 lo.
934 4183 1002 4242 Mat.
1024 4183 1369 4245 80111111810111011802,

270 4277 336 4338 1111
353 4283 397 4336 21.
