3078 5096
705 425 724 484 9

268 603 329 668 Sed
352 621 422 668 cum
444 601 483 666 de
496 601 598 666 Mario
611 601 751 667 Maximo
772 599 855 666 infra
876 602 993 682 largius
1015 601 1177 680 disseram,
1199 600 1263 664 iam

167 715 297 776 transeo
319 711 360 776 ad
385 710 521 775 alterum
542 710 678 774 vitarum
701 710 887 790 scriptorem
916 709 1074 774 Iunium
1110 708 1262 773 Aelium

169 819 348 886 Cordum.
370 820 418 884 De
429 836 491 899 quo
504 819 700 899 Capitolinus
712 819 762 883 vel
774 819 974 900 Lampridius
985 818 1039 882 vit.
1052 817 1150 883 Macr.
1165 825 1196 880 1:
1213 819 1264 880 net
1371 841 1372 848 ¹

164 928 256 994 Iunio
267 929 395 1008 quidem
406 929 507 994 Cordo
519 929 660 994 studium
672 927 734 992 fnit
746 929 972 1008 imperatorum
982 928 1064 992 vitas
1077 925 1170 992 edere
1181 943 1263 1007 quos

165 1037 364 1104 obscuriores
375 1037 518 1119 videbat3
541 1038 595 1117 qni
608 1036 966 1120 nonmultumprofacit.
1003 1037 1086 1102 Nam
1109 1038 1141 1100 et
1160 1053 1264 1114 pauca

165 1147 308 1228 repperit
329 1149 362 1210 et
384 1145 513 1228 indigna
534 1152 721 1226 memoratu,
744 1146 902 1224 adserens,
926 1164 961 1210 se
975 1145 1106 1209 minima
1121 1159 1265 1224 quaeque

166 1259 444 1338 persequutorum,
473 1257 562 1335 quasi
593 1255 643 1320 uel
674 1254 713 1319 de
741 1255 878 1337 TraJano
905 1257 962 1319 aut
991 1252 1047 1318 Pio
1076 1257 1133 1317 aut
1157 1251 1264 1316 Marco

165 1363 328 1428 sciendum
350 1363 401 1443 sit,
426 1364 572 1443 quotiens
595 1363 790 1444 processerit,
822 1364 949 1444 quando
979 1360 1064 1426 cibos
1093 1358 1266 1425 variaverit

168 1477 201 1538 et
231 1473 358 1553 quando
388 1477 508 1538 uestem
537 1471 710 1536 mutaverit
740 1476 772 1536 et
801 1489 880 1553 quos
909 1471 1035 1550 quando
1062 1469 1264 1550 promoverit,

167 1597 251 1662 qnae
270 1581 323 1646 iile
345 1581 450 1645 omnia
468 1580 668 1660 exsequendo
692 1580 786 1646 libros
810 1579 1015 1662 mythistoriis
1035 1575 1170 1659 repleuit
1187 1576 1266 1642 talia

166 1689 332 1756 scribendo
354 1692 432 1754 ata«
468 1689 589 1754 Gordus
612 1689 710 1770 igitur
731 1689 866 1766 Traiani,
887 1688 943 1765 Pii,
967 1687 1068 1751 Marci
1090 1685 1172 1750 vitas
1194 1703 1265 1750 oon·

166 1799 302 1878 scripsit,
328 1815 408 1878 quos
425 1815 517 1863 nemo
536 1798 731 1863 obscuriores
747 1799 955 1878 imperatores
966 1793 1063 1860 fuisse
1074 1792 1266 1858 diiudicabit.

166 1907 283 1987 Itaque
314 1907 498 1987 scriptorem
526 1906 585 1972 hee
613 1908 681 1972 ioco
709 1908 741 1973 id
761 1913 887 1972 tantum
909 1905 1012 1970 dicere
1032 1903 1167 1968 arbitror
1193 1901 1266 1966 Gor·

165 2017 242 2082 dum
264 2020 390 2096 praeter
412 2033 464 2080 eos
481 2017 698 2097 imperatores.
737 2035 816 2097 quos
839 2016 988 2080 clariores
1007 2013 1138 2092 uiderat,
1156 2011 1266 2078 obscu-

165 2125 265 2190 riores
284 2142 410 2207 quoque
432 2130 598 2190 tractasse.
633 2125 834 2206 Ineptissime
857 2123 977 2188 Cordus
999 2123 1161 2188 enarravit
1181 2121 1265 2200 quod

168 2236 388 2315 quantumque
411 2234 544 2314 quisque
576 2235 747 2315 imperator
779 2233 957 2308 comederit,
993 2230 1102 2311 quales
1134 2229 1268 2295 vestitus

167 2343 326 2410 habuerit.
350 2341 388 2409 cf.
411 2344 467 2409 vit.
482 2343 585 2410 Albin.
609 2348 636 2423 5,
652 2347 699 2408 10.
733 2361 832 2424 oquae
854 2343 908 2421 qui
930 2341 1015 2406 volet
1037 2338 1266 2405 nosseHalium

168 2453 305 2518 Cordum
328 2455 425 2533 legat,
449 2453 502 2532 qui
522 2451 636 2517 frivola
660 2470 755 2532 super
775 2450 968 2518 huiusmodi
985 2447 1267 2529 ominibusjcuncta

170 2562 390 2644 persequitur«
414 2561 488 2628 ibid.
514 2566 609 2639 11,1.
650 2560 821 2628 »Gulosum
844 2579 915 2626 eum
937 2559 1067 2638 Gordus,
1102 2559 1157 2638 qui
1188 2557 1267 2622 talia

169 2672 370 2752 persequitur
381 2671 412 2734 in
425 2672 490 2735 suis
502 2669 721 2748 voluminibus,
745 2667 843 2734 fuisse
862 2669 996 2734 dicit...
1018 2670 1140 2731 namet
1162 2666 1269 2744 quin-

168 2785 310 2863 gentas
327 2777 404 2844 fieus
424 2777 585 2860 passarias
615 2777 796 2841 ieiunum
818 2779 990 2843 comedisse
1022 2775 1097 2839 dicit
1125 2776 1158 2836 et
1188 2791 1268 2836 cen-

169 2893 253 2953 tum
272 2888 395 2967 persica
416 2886 579 2966 Campana
601 2891 634 2950 et
657 2886 795 2951 melones
817 2885 981 2950 Ostienses
1012 2884 1118 2947 decem
1142 2886 1175 2946 et
1195 2899 1269 2946 uva·

166 3015 239 3062 rum
260 2996 491 3061 Labicanarum
514 2994 642 3075 pondo
671 2993 819 3076 uiginti
849 2997 881 3056 et
904 2991 1053 3056 ficedulas
1077 2995 1203 3055 centum
1238 2995 1271 3055 et

170 3110 277 3172 ostrea
291 3105 524 3186 quadringenta
539 3105 602 3184 (!).a
628 3102 683 3167 vit.
696 3103 782 3168 Max.
804 3105 832 3180 4,
848 3107 873 3178 l,
897 3099 1070 3167 comedisse
1089 3102 1121 3164 et
1136 3097 1271 3180 qnadra-

168 3215 256 3295 ginta
276 3214 374 3278 libr'as
387 3213 498 3296 earnis
513 3218 667 3278 utentem
679 3212 799 3278 Gordus
810 3210 895 3291 dicit,
917 3211 1012 3275 etiam
1032 3208 1198 3289 sexaginta
1210 3206 1266 3289 (θα

175 3321 238 3387 ibid
261 3325 309 3400 27,
322 3324 351 3386 7.
384 3322 438 3385 vit.
466 3297 722 3396 G‘ord.21‚3ss.
778 3317 878 3382 Cordo
907 3318 1013 3399 igitur,
1047 3315 1102 3395 qui
1129 3314 1272 3380 maxima

170 3448 241 3495 curn
272 3429 440 3495 insolentia
474 3430 512 3494 de
550 3428 658 3506 rebus,
690 3447 770 3509 quas
800 3427 889 3494 nullo
919 3427 1013 3492 modo
1045 3427 1125 3490 scire
1157 3425 1271 3506 potuit,

171 3537 335 3603 mendacia
357 3535 458 3616 finxit,
489 3538 585 3602 etiam
608 3537 677 3601 aliis
710 3540 743 3603 in
771 3536 866 3602 rebus
893 3536 1076 3602 enarrandis
1105 3533 1271 3613 haudqua-

174 3664 269 3726 quam
291 3645 385 3711 fidam
412 3663 480 3711 esse
504 3645 690 3725 habendam,
722 3645 824 3726 quivis
847 3647 924 3710 mihi
953 3644 1152 3720 concedet1).
1195 3641 1272 3705 Mihi

170 3755 297 3837 quidem
326 3771 533 3837 quaeeunque
564 3755 603 3818 ab
635 3771 672 3820 eo
703 3754 823 3820 tradita
847 3761 921 3821 sunt
943 3757 1091 3834 suspecta
1114 3751 1272 3816 videntur.

170 3864 222 3929 Ita
235 3862 316 3930 falso
336 3864 416 3929 dixit
437 3865 494 3929 vit.
515 3861 705 3945 Gord.17‚3
727 3861 881 3929 familiam
903 3862 1133 3928 Gordianorum
1156 3876 1196 3923 en
1211 3858 1274 3923 An-

274 4132 300 4200 1)
319 4131 473 4186 Dandliker
498 4133 534 4201 (p.
557 4132 710 4202 306—311)
727 4146 859 4198 magnam
876 4129 962 4184 habet
980 4125 1063 4180 fidem
1083 4124 1184 4190 Gord0,
1212 4141 1273 4179 eum

169 4226 266 4282 credat
291 4245 353 4282 eum
375 4233 487 4292 senatus
515 4229 642 4292 consulta
666 4227 853 4308 epistolasque
884 4243 918 4280 ex
941 4225 1011 4289 aetia
1037 4221 1187 4286 memoriae
1218 4222 1274 4283 tra-

172 4321 284 4388 didisse.
