3078 5096
819 418 857 478 12

287 593 422 678 publicis
444 593 565 678 (2-5),
600 597 633 672 4)
652 595 691 661 dc
712 597 890 677 primordiis
921 599 1009 679 regni
1032 597 1153 679 (6-7),
1183 595 1214 679 5)
1232 596 1271 662 de
1294 595 1391 662 rebus

287 702 427 768 adversis
449 706 482 766 et
509 704 548 769 de
574 702 666 769 bellis
688 708 727 782 (c.
739 708 832 785 8-9,
851 703 894 788 6),
925 708 957 783 6)
981 705 1021 770 de
1041 704 1313 772 administratione
1346 703 1392 769 rei

286 811 430 893 publicae
454 817 495 890 (9,
515 816 629 892 7-12,
647 811 699 896 12)
718 812 751 898 ¹),
787 814 820 897 7)
843 813 984 881 debello
1008 813 1264 880 Marcomannico
1292 816 1392 895 atque

285 920 410 986 deVeri
431 923 763 1005 morte(12,13-14).
788 923 890 1001 Quam
909 924 1124 990 narrationem
1147 926 1213 988 tam
1227 921 1389 987 conditam

285 1030 383 1106 atque
403 1026 586 1092 concinnam
608 1045 679 1093 esse
700 1035 737 1095 ut
757 1029 851 1096 valde
883 1047 902 1094 a
924 1034 1104 1096 nostrorum
1124 1030 1314 1112 scriptorum
1338 1049 1389 1095 ra-

285 1135 372 1200 tione
390 1135 568 1214 abhorreat,
593 1141 677 1203 recte
689 1138 752 1203 iam
768 1139 890 1204 monuit
902 1138 1122 1205 Wietcrsheim
1138 1141 1173 1218 ¹).
1203 1138 1393 1220 Quicunque

286 1247 456 1327 scriptores
481 1245 664 1325 diligentius
687 1247 774 1327 legit,
797 1246 830 1311 id
851 1247 929 1312 mibi
954 1247 1110 1328 concedet,
1131 1246 1214 1314 hanc
1234 1247 1391 1314 concinni·

285 1358 385 1420 tatem
409 1373 471 1419 non
492 1354 670 1435 capitolino
699 1355 748 1419 vel
770 1354 938 1437 spartiano
968 1355 1171 1436 ineptissimis
1192 1355 1389 1437 imperitissi-

284 1465 408 1543 misque
429 1461 632 1543 scriptoribus
654 1461 760 1528 deberi
792 1463 849 1530 sed
882 1465 911 1530 ei
932 1464 1062 1545 auctori,
1084 1463 1138 1547 qui
1160 1463 1209 1530 bis
1223 1464 1256 1527 in
1279 1463 1390 1545 capiti-

284 1574 344 1639 bus
367 1573 558 1653 opitomatus
576 1572 626 1638 sit.
650 1570 749 1648 Quem
765 1575 924 1638 auctorem
943 1571 1082 1638 Marium
1102 1572 1275 1638 Maximum
1289 1570 1391 1639 fuisse

286 1680 470 1748 certissimis
499 1682 699 1761 argumentis
726 1681 938 1746 demonstrari
965 1683 1080 1762 potest.
1124 1679 1229 1746 Primo
1252 1680 1335 1746 enim
1355 1680 1390 1745 in

285 1791 390 1870 capite
414 1787 611 1869 Capitolinus
634 1788 772 1853 Marium
791 1789 966 1854 Maximum
989 1791 1148 1870 nominat;
1170 1788 1276 1856 »ouius
1297 1788 1392 1855 tami·

284 1889 382 1963 lia'in
404 1897 556 1979 originem
580 1916 747 1963 recurrens
769 1916 788 1962 a
806 1897 912 1964 Numa
939 1897 1094 1980 probatur
1115 1898 1302 1979 sanguinem
1322 1901 1390 1963 tra-

285 2006 369 2085 here,
403 2010 440 2072 ut
471 2005 592 2071 Marius
616 2006 776 2072 Maximus
810 2009 929 2073 doceto
986 2006 1196 2088 Capitolinum
1226 2023 1311 2087 ergo,
1335 2009 1431 2086 qui,

285 2117 386 2197 primo
417 2115 449 2178 in
479 2115 583 2194 capite
605 2116 707 2180 Mario
727 2113 866 2180 Maximo
899 2116 986 2182 nisus
1016 2115 1073 2196 sit,
1103 2115 1231 2195 reliquis
1263 2132 1390 2196 quoque

284 2225 316 2288 in
336 2223 494 2304 capitibus
515 2224 652 2289 Marium
678 2224 852 2290 Maximum
886 2226 1075 2308 epitomasse
1096 2225 1184 2290 duco.
1238 2222 1329 2301 Quod
1349 2241 1387 2289 eo

284 2332 410 2415 quidem
433 2331 645 2410 confirmatur,
673 2332 857 2413 quodcum
881 2351 948 2414 cap.
974 2337 1010 2396 15
1033 2333 1096 2398 alio
1120 2352 1161 2399 ex
1182 2331 1269 2398 fonte
1289 2330 1387 2398 fluxe·

284 2445 446 2524 citatque
471 2450 572 2508 1-14
602 2451 639 2510 ut
661 2445 744 2510 infra
774 2447 1052 2526 demonstrabitur,
1083 2445 1204 2513 Marius
1227 2445 1389 2514 Maximus

284 2557 391 2620 autem
423 2555 533 2636 vitam,
551 2555 650 2621 Marci
677 2555 799 2621 duobus
813 2557 901 2621 libris
937 2556 1107 2638 scripserit,
1144 2573 1278 2637 quorum
1301 2555 1387 2638 prior

284 2681 334 2729 res
362 2668 469 2745 gestas
499 2663 598 2730 Marci
633 2683 732 2745 usque
763 2665 804 2731 ad
828 2665 903 2730 Veri
935 2670 1069 2731 mortem
1104 2665 1257 2731 continuit
1268 2666 1309 2748 8),
1347 2669 1388 2729 14

286 2772 347 2854 §.8
369 2791 454 2838 mors
477 2772 552 2839 Veri
585 2779 744 2840 narratur.
788 2773 982 2855 Capitolinus
1004 2775 1109 2855 igitur,
1130 2778 1300 2857 postquam
1322 2774 1384 2854 pri·

285 2899 372 2945 mum
405 2881 498 2947 Marii
522 2882 653 2948 Maximi
676 2880 791 2947 librum
811 2883 998 2962 epitomavit
1019 2901 1087 2963 cap.
1112 2886 1234 2946 15-19
1267 2880 1387 2962 attulit,

285 3004 367 3068 quae
389 2989 474 3069 apud
509 2995 632 3057 ceteros
649 2991 818 3072 scriptores
840 2989 1057 3055 memorabilia
1082 2990 1203 3056 invenit
1225 3026 1262 3038 -
1288 2995 1387 3071 atque

387 3229 412 3298 1)
430 3228 506 3284 Haec
532 3247 641 3299 quoque
669 3231 774 3300 optimo
804 3249 863 3286 esse
893 3231 1028 3301 disposita
1054 3235 1150 3286 monet
1176 3230 1298 3286 Dirkaen
1322 3232 1341 3285 l.
1361 3249 1386 3287 c.

287 3343 313 3394 p,
327 3326 443 3379 68-70.

390 3436 417 3505 2)
437 3412 603 3493 Goschichte
622 3439 672 3493 der
690 3440 964 3510 lekerwanderung
982 3441 1018 3499 11.
1036 3458 1063 3510 p.
1077 3443 1103 3497 9.
1141 3439 1247 3495 ›Wonn
1264 3440 1316 3494 wir
1333 3458 1387 3494 nur

285 3531 361 3586 dieue
381 3532 488 3601 Capite}
506 3551 563 3588 von
582 3534 636 3588 den
656 3535 808 3604 scriptores
827 3536 934 3602 hatten,
952 3535 1048 3589 wdrde
1066 3553 1166 3590 unsara
1185 3534 1317 3606 Achtung
1335 3553 1387 3590 vor

285 3627 435 3681 denselban
460 3633 574 3698 grbsser
593 3631 676 3684 seins
697 3631 729 3684 In
751 3647 784 3686 eo
797 3635 889 3686 autom
908 3634 986 3685 errat
998 3629 1194 3685 Wietemhsim
1212 3631 1286 3701 quod
1304 3634 1388 3701 putat

284 3723 458 3792 reliquorum
481 3725 602 3795 capitum
621 3727 832 3796 perversitatem
852 3744 908 3781 non
923 3726 1079 3796 Capitolino
1098 3725 1195 3780 deberi
1217 3727 1265 3782 red
1285 3727 1387 3782 editori

284 3820 371 3874 totius
383 3822 511 3891 eorporis
525 3822 658 3877 historiae
671 3824 823 3893 Augustae,
843 3823 890 3893 qui
907 3825 935 3876 in
949 3822 1098 3893 Capitolini
1117 3823 1307 3878 narrationem
1325 3840 1388 3892 per-

284 3931 379 3969 versas
398 3917 622 3973 narratiunculas
641 3919 800 3974 inseruerit.
829 3919 934 3976 Eadem
952 3919 1010 3974 foro
1029 3918 1218 3986 Oasaubonns,
1237 3919 1387 3974 Tillemon·

285 4012 351 4075 tius,
370 4011 555 4067 Piittmannus
571 4013 785 4070 contenderunt.

388 4109 415 4176 3)
433 4107 491 4164 Vir.
509 4107 560 4162 Aa.
583 4109 642 4164 Cas.
661 4113 677 4164 o
697 4112 747 4173 §.t
776 4111 867 4181 »legat
885 4109 969 4165 Marii
977 4110 1092 4165 Maximi
1109 4110 1261 4165 seeundum
1278 4109 1384 4164 librum

284 4201 395 4257 devita
412 4203 509 4269 Marci,
527 4204 557 4259 in
576 4221 631 4276 quo
648 4189 696 4262 ilio
719 4197 753 4264 oa
770 4205 848 4270 dicit,
866 4221 938 4284 quae
956 4205 1046 4264 solum
1062 4206 1174 4268 Marcus
1193 4204 1381 4266 mortuoram

284 4298 359 4362 Vero
378 4300 462 4382 egita
