3078 5096
791 379 831 442 30

265 558 420 635 Quadrati
448 556 695 638 ascriptoribus
720 555 751 620 h.
772 555 854 638 Aug.
893 557 1020 638 saepius
1045 556 1077 621 in
1099 575 1192 623 usum
1213 559 1361 622 vocatam

263 685 331 734 esse
352 666 511 748 probabile
534 671 594 732 est.
647 665 841 747 Fragmenta
873 683 955 748 quae
977 665 1062 747 apud
1083 665 1280 749 Stephanum
1302 665 1363 750 By-

265 777 404 841 zantium
430 780 555 840 exstant
577 793 685 840 omnes
706 775 746 840 ad
768 794 820 841 res
842 775 1070 858 geographicas
1093 781 1246 858 spectant.
1278 773 1363 851 Qua·

263 885 393 950 dratum
417 900 543 965 quoqne
557 878 715 966 Παρθικὰ
738 883 897 965 scripsisse
912 889 1046 966 apparet
1067 903 1107 950 ex
1129 885 1183 948 vit.
1199 885 1272 949 Ver.
1287 887 1317 963 8,
1337 888 1363 948 l.

125 1013 248 1053 neamus.
364 991 440 1058 Vita
462 991 555 1056 Avidi
577 991 664 1058 Cassi
684 992 806 1059 multas
830 992 968 1059 continet
990 993 1139 1073 epistolas
1161 997 1295 1072 actaque
1316 1007 1363 1056 se·

262 1104 366 1181 natue,
392 1119 474 1181 quae
495 1101 598 1166 omnia
618 1100 749 1168 falsarie
771 1119 841 1166 esse
859 1099 1015 1167 szalina
1037 1119 1154 1182 magna
1178 1120 1249 1167 cum
1272 1119 1364 1182 saga-

262 1212 358 1276 citate
391 1209 529 1275 ostendit
543 1211 575 1288 ¹),
610 1210 727 1276 omissa
767 1215 874 1275 tamen
903 1209 1096 1290 quaestione,
1124 1209 1267 1290 quisnam
1301 1208 1367 1290 epi-

261 1318 358 1384 stolas
380 1315 506 1382 fimrerit
521 1323 553 1384 et
568 1316 683 1397 quibus
694 1317 835 1383 fontibus
852 1317 1038 1384 Gallicanus
1054 1336 1131 1384 usus
1146 1318 1197 1382 sit.
1211 1315 1360 1399 muliere)

260 1431 362 1494 totam
385 1426 451 1492 fere
479 1427 575 1492 vitam
600 1426 703 1491 Mario
732 1426 870 1491 Maximo
904 1426 1025 1508 tribuit,
1058 1427 1146 1492 cuius
1173 1425 1363 1492 sententiam

260 1534 395 1618 probare
427 1551 557 1615 nequeo.
601 1533 723 1600 Marius
755 1535 915 1600 Maximus
945 1535 1027 1600 enim
1054 1533 1140 1598 Cassi
1170 1534 1268 1598 vitam
1301 1551 1364 1598 non

260 1642 447 1723 conseripsit
469 1645 501 1706 et
522 1642 561 1706 de
583 1661 620 1708 eo
642 1641 673 1706 in
689 1642 755 1725 vita
772 1641 872 1706 Marci
894 1642 931 1708 iis
949 1644 1050 1708 solum
1066 1642 1223 1723 capitibus
1240 1642 1360 1721 retulit,

262 1752 376 1833 quibus
398 1749 516 1817 bellum
538 1750 720 1816 Parthicum
750 1754 783 1814 et
806 1750 894 1816 Cassi
917 1751 1105 1817 seditionem
1132 1752 1301 1829 enarravit,
1330 1755 1385 1816 et·

261 1880 332 1928 cum
347 1861 440 1926 Marii
456 1859 584 1924 Maximi
600 1860 735 1942 epitome
752 1859 841 1924 uobis
863 1865 988 1940 praesto
1014 1861 1064 1939 sit,
1087 1859 1178 1926 facile
1201 1859 1361 1926 diudicere

260 1988 439 2051 possumne,
470 1972 624 2049 quantum
647 1970 732 2033 vitae
754 1967 853 2033 Marci
881 1989 897 2034 e
927 1967 1027 2032 Mario
1050 1969 1191 2034 Maximo
1224 1968 1363 2034 fluxerit.

260 2078 374 2160 Itaque
397 2095 465 2158 cap.
478 2081 507 2158 6,
520 2081 643 2157 7-9,4
662 2081 787 2142 tantum
811 2095 828 2140 e
849 2077 951 2142 Mario
968 2077 1109 2144 Maximo
1124 2077 1252 2142 fluxisse
1270 2078 1360 2143 duco.

261 2187 428 2252 Vulcacius
451 2187 626 2252 enimcum
650 2187 829 2250 accuratius
841 2191 874 2251 et
884 2185 1040 2266 copiosius
1052 2185 1229 2266 Capitolino
1245 2188 1365 2252 scribat

262 2295 371 2362 iisdem
401 2293 467 2360 iere
498 2295 599 2360 verbis
630 2296 805 2374 iisdemque
832 2273 1229 2370 verbi‘constructionibus
1259 2297 1363 2362 utitur

261 2409 358 2484 atque
381 2402 586 2486 Capitolinus.
606 2377 764 2505 ,Cuis‘i'ei
787 2421 889 2484 pauca
909 2408 1035 2469 tantunr
1062 2405 1208 2486 exempla
1230 2403 1361 2469 afferam

432 2512 485 2578 vit.
513 2512 613 2576 Marci
1014 2513 1069 2576 vit.
1094 2511 1183 2578 (lassi

305 2616 783 2698 24‚dnisiAvidiusCassiusre·
877 2624 936 2697 7‚1
961 2619 1011 2685 hic
1024 2620 1249 2703 imperatorem
1272 2641 1306 2689 se
1327 2623 1360 2686 in

261 2728 412 2796 bellasset
423 2729 481 2794 sub
493 2731 604 2795 eodem
614 2730 646 2794 in
656 2728 783 2794 Oriente
835 2729 956 2794 oriente
978 2731 1150 2812 appellavit
1172 2733 1210 2796 nt
1232 2731 1362 2810 quidam

262 2844 359 2918 atque
373 2838 597 2920 imperatorem
619 2857 652 2903 se
676 2839 784 2918 appel·
838 2837 945 2902 dicunt
989 2837 1143 2904 Faustina
1195 2839 1318 2904 volente
1336 2841 1363 2916 8)

261 2946 361 3012 lasset
379 2954 415 3012 ut
436 2950 565 3028 quidam
580 2948 687 3014 dicunt
702 2945 784 3012 Fau·
836 2963 917 3026 qnae
949 2947 1123 3012 valetudini
1154 2947 1252 3013 Marci
1295 2947 1360 3011 iam

262 3057 346 3121 atina
367 3058 524 3139 noientel)
556 3059 697 3138 quaeda
721 3075 785 3120 ma·
837 3053 997 3120 diffidebat
1020 3061 1052 3122 et
1080 3055 1220 3136 timebat,
1247 3073 1288 3120 ne
1316 3054 1362 3119 in·

363 3215 389 3286 1)
408 3215 439 3270 L.
461 3234 484 3270 c.
502 3235 529 3285 p.
549 3218 663 3270 20-45.

361 3316 390 3378 2)
409 3313 440 3368 L.
460 3329 484 3366 e.
504 3332 531 3382 p.
551 3315 667 3367 60-61.

361 3409 388 3479 3)
410 3409 559 3464 »Faustina
585 3411 710 3464 volente«
737 3409 822 3464 affero
850 3415 948 3466 contra
974 3410 1087 3473 Brocks,
1106 3409 1154 3478 qni
1172 3405 1209 3478 (p.
1231 3408 1277 3477 26)
1302 3424 1366 3461 con-

261 3505 354 3559 tendit
371 3505 442 3559 tales
456 3505 593 3560 ablativos
604 3506 746 3560 absolutos
759 3524 896 3576 nusquam
908 3507 982 3578 apud
993 3505 1178 3575 Capitolinum
1192 3503 1319 3567 inveniri,
1331 3532 1365 3542 -

262 3603 350 3656 Marci
368 3602 441 3656 enim
461 3602 546 3655 vitam
566 3620 582 3656 a
604 3602 762 3672 Capitolino
786 3621 842 3657 non
869 3604 1057 3672 conscriptam
1077 3619 1135 3655 esse
1156 3600 1242 3654 ducit.
1261 3629 1295 3639 -
1314 3598 1366 3652 Ta-

264 3700 305 3754 les
324 3699 460 3753 ablativos
483 3699 626 3754 absolutos
643 3717 699 3752 uon
717 3704 774 3754 tam
785 3699 942 3769 Capitolino
955 3700 999 3754 vel
1013 3698 1160 3769 Spartiano
1175 3696 1271 3750 deberi
1283 3712 1365 3764 quam

262 3795 352 3850 Mario
375 3796 498 3850 Maximo
522 3800 549 3850 et
567 3796 610 3849 his
635 3814 668 3850 ex
695 3797 762 3850 locis
784 3802 899 3868 apparet
923 3802 951 3851 et
976 3815 1010 3850 ex
1028 3797 1077 3850 vit.
1096 3794 1185 3848 Marci
1203 3795 1270 3856 25,2
1290 3793 1367 3848 Caesi

264 3894 289 3957 7,
304 3894 320 3946 7
341 3893 471 3946 »absente
489 3892 658 3956 Antonium«
679 3897 707 3947 et
726 3911 760 3947 ex
778 3895 827 3948 vit.
838 3892 924 3947 Hedr.
945 3891 970 3955 2,
983 3893 1015 3945 10
1036 3891 1160 3946 ’favente
1171 3891 1282 3944 Plotina
1299 3890 1367 3944 Tra·

267 3988 332 4043 iano
350 3989 459 4054 leviter,
479 3992 511 4042 ut
527 3989 657 4044 Marius
676 3989 845 4056 Maximus
864 3988 940 4054 dicit,
959 3986 1096 4042 volente«
1132 3985 1193 4052 Quo
1210 3986 1273 4039 loco
1286 3985 1368 4054 Spar·

263 4085 371 4139 tionum
389 4084 503 4140 ablativi
524 4085 647 4139 absoluti
665 4084 818 4149 offendunt,
839 4085 932 4153 itaque
950 4083 1079 4153 apponit:
1109 4085 1156 4135 »ut
1175 4081 1244 4136 dicit
1260 4081 1365 4136 Marius

263 4182 427 4238 Maximus«.
474 4181 519 4236 lta
547 4183 650 4238 multae
685 4183 833 4238 verborum
868 4180 1138 4250 constructionisque
1171 4181 1368 4248 proprietates,

265 4298 333 4350 quas
352 4280 457 4335 Broeks
479 4281 523 4335 vel
543 4279 693 4350 Capitolini
712 4280 758 4334 vel
775 4278 915 4351 Spartiani
935 4296 995 4334 esse
1014 4277 1168 4342 contendit,
1186 4276 1241 4330 iam
1259 4279 1289 4331 in
1307 4276 1367 4331 fon·
