3078 5096
702 387 739 450 59

170 572 315 649 Elatiae,
332 569 514 634 Pannoniae
536 566 724 651 praefuisset
745 573 814 632 octo
837 573 945 632 tamen
968 567 1105 648 legiones
1127 567 1157 631 ei
1178 584 1268 648 prae-

170 685 218 745 sto
238 678 374 745 luissent
401 677 485 758 quod
505 675 544 740 de
562 677 628 740 viro
650 676 867 756 proconsulari
890 675 1064 741 inauditum
1080 679 1129 740 est
1150 677 1183 738 et
1195 674 1267 738 Dio-

169 790 217 853 nis
240 787 345 853 verbis
372 787 531 852 refutatur
559 784 622 868 (73,
648 787 709 863 14).
753 787 863 864 Neque
887 791 1052 866 ptaeterea
1074 782 1265 850 credendum

171 898 220 958 est
242 891 448 958 Commodum
475 892 529 972 qui
553 893 631 956 adeo
658 891 697 956 de
723 909 781 955 sua
802 892 907 956 salute
936 893 1062 956 timeret
1090 891 1268 973 permisisse

171 1010 206 1068 ut
234 1003 381 1082 cuiquam
410 1006 519 1068 tantus
555 1001 804 1067 committeretur
838 1001 1003 1066 exercitus
1062 1001 1123 1066 Sed
1155 1002 1270 1068 Renier

171 1111 359 1178 sententiam
375 1128 464 1174 suam
480 1109 647 1174 defendere
661 1115 793 1175 conatur
813 1109 1014 1191 inscriptione
1030 1110 1128 1175 allata
1144 1113 1176 1190 ¹).
1199 1110 1270 1187 Qua

170 1221 371 1303 inscriptione
392 1217 507 1283 Renier
529 1220 609 1284 duas
631 1218 805 1300 legationes
829 1218 999 1300 significari
1016 1219 1110 1298 ducit,
1134 1237 1269 1298 quarum

169 1331 271 1412 prima
291 1329 323 1394 iu
336 1328 541 1394 Germaniam
563 1327 602 1392 ad
615 1325 767 1392 Severum
789 1326 884 1390 misse
904 1345 941 1392 ea
964 1327 1013 1402 sit,
1037 1326 1076 1391 de
1091 1344 1154 1408 qua
1170 1325 1263 1408 Spar-

170 1440 276 1506 tianus
305 1437 423 1504 referat
451 1436 503 1500 vit.
532 1436 591 1502 Iul.
616 1439 642 1513 5,
667 1438 694 1512 5,
719 1436 773 1498 vit.
796 1433 902 1498 Severi
927 1437 954 1512 5,
977 1439 1004 1500 5.
1048 1433 1108 1511 Qui
1131 1435 1269 1514 legatia

171 1552 284 1614 senatu
306 1565 366 1612 uon
388 1552 455 1612 tam
481 1545 520 1610 ad
545 1543 695 1610 Severum
720 1544 806 1608 missi
829 1561 924 1621 quam
949 1541 988 1607 ad
1011 1541 1125 1606 milites
1152 1544 1193 1608 ad
1215 1543 1267 1608 de-

171 1658 335 1724 fectionem
356 1655 530 1720 incitandos
553 1654 594 1718 ad
616 1653 767 1718 Severum
789 1651 977 1718 defecerunt.
1012 1651 1059 1716 De
1081 1669 1144 1732 quo
1169 1651 1270 1716 haud-

171 1784 329 1847 quaquam
353 1765 485 1829 bonesto
515 1762 600 1828 facto
630 1763 782 1844 gloriatos
810 1779 880 1828 esse
910 1779 973 1840 eos,
1003 1762 1056 1842 qui
1085 1761 1172 1826 missi
1195 1761 1267 1838 sint,

171 1873 255 1939 haud
278 1873 425 1939 credibile
445 1877 503 1940 est.
538 1872 671 1952 Legatio
696 1871 817 1949 deiude,
840 1871 878 1936 de
900 1881 969 1950 qua'
985 1869 1173 1950 Spartianus
1196 1869 1268 1934 scri-

171 1983 217 2048 bit
230 1981 270 2046 ad
282 1982 433 2047 Severum
444 1981 506 2045 iam
518 1981 651 2044 Romam
666 1980 972 2061 appropinquantem
982 1997 1083 2059 neque
1096 1979 1126 2042 in
1138 1978 1269 2043 Cerma-

170 2092 254 2155 niam
274 2091 368 2156 missa
389 2094 446 2155 est.
481 2089 654 2154 Praeterea
670 2106 746 2152 num
768 2087 956 2152 credendum
975 2091 1032 2166 cst,
1052 2085 1203 2152 Severum
1214 2087 1270 2167 qui

171 2198 322 2264 Carnunti
344 2199 516 2278 imperator
538 2198 788 2280 appellabant,
810 2197 925 2261 milites
948 2195 1100 2261 Carnunti
1124 2197 1268 2277 coegisse,

170 2308 281 2373 deiude
293 2308 322 2372 in
335 2305 537 2372 Germaniam
550 2303 725 2387 profectum
742 2323 811 2372 esse
831 2311 862 2369 et
873 2287 1006 2387 Alpibus
1023 2305 1181 2386 superatis
1190 2303 1269 2371 Cer-

170 2416 305 2480 maniam
318 2416 478 2494 invasisse,
490 2415 676 2499 praesertim
693 2433 763 2479 cum
784 2418 823 2478 66
839 2415 905 2480 dies
916 2413 1171 2496 postPertinacis
1187 2433 1268 2480 mor·

169 2528 234 2588 tem
247 2524 368 2589 Romae
378 2524 496 2591 fuerit?
512 2523 609 2590 Recte
619 2523 716 2606 igitur
723 2523 853 2588 Henzen
864 2523 939 2586 mibi
948 2525 1139 2588 contendere
1146 2524 1270 2589 videtur

169 2632 313 2698 Porcium
335 2652 354 2696 a
374 2639 487 2698 senatu
509 2635 549 2698 ad
563 2632 713 2700 Severum
736 2640 845 2698 contra
858 2632 1006 2697 Albinum
1021 2632 1268 2713 proticiscentem

170 2745 298 2808 missum
322 2760 398 2807 essa.
421 2742 541 2807 Marius
554 2742 713 2808 Maximus
735 2760 810 2824 ergo
832 2743 1028 2825 negligenter
1052 2744 1177 2824 scripsit
1190 2743 1266 2808 Ger-

168 2853 282 2918 maniis
312 2849 484 2932 praefuisse
513 2851 673 2930 Severum,
705 2870 775 2916 cum
805 2869 1011 2933 quaecunque
1043 2850 1074 2914 in
1103 2850 1269 2931 provinciis

168 2961 368 3044 gerebantur,
392 2960 488 3024 nimia
512 2961 634 3025 incuria
656 2960 813 3025 tractarit.

268 3070 356 3147 Quae
374 3075 511 3151 sequunt
513 3075 598 3148 555,
619 3075 652 3134 1;
679 3071 871 3151 »imperator
892 3074 941 3134 est
960 3068 1140 3150 appellatus
1161 3067 1269 3133 Idibus

169 3180 303 3260 August
296 3199 341 3244 rs«
361 3185 491 3260 corrupt
494 3198 544 3243 um
568 3182 615 3244 est
638 3197 690 3243 ex:
720 3178 844 3242 »Idibus
858 3177 1047 3257 Aprilibus«
1092 3176 1174 3240 Nam
1197 3176 1265 3240 Ma·

167 3287 233 3352 rius
256 3287 414 3352 Maximus
437 3289 491 3368 qui
512 3293 561 3353 ret
549 3289 622 3352 tulit
633 3289 830 3353 Pertinacem
853 3306 922 3352 esse
944 3285 1144 3351 interfectum
1167 3283 1268 3350 5051

169 3394 327 3474 Aprilis
318 3398 385 3461 vit.
364 3396 492 3461 55Ρ55.
520 3398 567 3477 15,
592 3393 627 3479 5)
651 3399 734 3460 55555
757 3413 818 3458 555
840 3395 965 3473 scripsit
951 3393 1137 3460 t·Sevcrum
1160 3394 1268 3459 Idibus

169 3502 322 3586 Augustis
344 3503 502 3568 domum
494 3510 630 3584 imperat
631 3523 715 3570 orem
740 3523 809 3570 esse
832 3505 972 3585 appellat
975 3522 1036 3567 um.

267 3609 443 3676 Primordia
465 3610 553 3691 regui
576 3614 609 3674 et
629 3628 834 3691 quaecunque
858 3631 876 3674 a
899 3611 1013 3679 Severo
1035 3613 1154 3678 Romae
1175 3619 1265 3694 gesta

169 3725 243 3784 suut
268 3720 366 3784 multo
390 3720 567 3785 accuratius
594 3721 693 3785 Dione
718 3722 837 3787 Marius
862 3722 1021 3788 Maximus
1042 3723 1160 3787 retulit.
1205 3723 1266 3788 Sed

168 3827 260 3909 longe
283 3849 302 3893 a
323 3829 459 3894 veritate
483 3828 661 3906 abhorrent,
686 3849 767 3910 quae
791 3828 911 3896 Marius
933 3832 1090 3895 Maximus
1119 3829 1157 3896 de
1183 3829 1266 3895 bello

169 3940 280 4002 contra
300 3935 433 4016 Nigrum
455 3942 544 4017 gesto
565 3938 683 4003 retulit.
707 3938 836 4018 Singula
858 3938 971 4003 afferre
993 3940 1072 4018 nolo,
1097 3939 1207 4004 scd-
1232 3942 1269 4003 ut

169 4044 232 4109 alia
254 4044 399 4111 omittam
426 4082 468 4090 -
495 4044 577 4111 falso
602 4045 749 4126 refertur,
775 4044 909 4134 Nigrum
940 4047 1024 4136 apud
1048 4047 1191 4133 Cyricum
1217 4047 1269 4116 de

174 4197 372 4208 —ae-——u—

269 4291 294 4360 1)
313 4291 521 4354 Orelli-Hennam
540 4293 617 4356 5494.
