3078 5096
701 395 739 456 31

179 579 230 645 riti
242 577 423 646 valetudine
436 577 629 658 desperaret.
643 573 698 640 alii
744 571 848 639 lantes
888 569 969 636 lilios
995 566 1078 632 tueri
1109 565 1177 633 sola
1208 583 1272 631 non

175 688 280 756 dsunt
300 689 454 756 ementita
477 691 579 754 morte
600 685 698 750 Anto·
748 686 857 764 posset
874 685 969 760 atque
984 675 1099 756 aliquis
1114 673 1273 754 existeret,

176 798 239 866 nini
255 797 399 865 Cassium
422 797 645 878 imperatorem
664 808 697 856 se
749 791 803 871 qui
824 793 917 870 capta
947 787 1085 853 statione
1113 783 1202 863 regia
1227 782 1273 846 in·

177 907 352 988 appellasse
380 923 451 971 cum
482 903 591 970 divum
613 902 695 967 Mar·
750 899 856 965 lantes
878 899 918 962 de
932 897 1036 964 medio
1050 893 1186 960 tolleret.
1219 889 1275 956 alii

175 1031 244 1080 cum
264 1012 463 1096 appellasset.
746 1010 854 1072 autem
871 1005 980 1072 dicunt
1000 1005 1084 1070 hanc
1101 1004 1204 1068 artem
1220 998 1274 1064 ad·

748 1113 886 1180 bibulase
907 1113 1059 1178 militibus
1089 1112 1123 1176 et
1151 1107 1274 1189 provin-

747 1222 878 1288 cialibus
900 1221 1043 1288 Cassium
1064 1224 1124 1285 etc.
1136 1267 1143 1282 .
1156 1266 1182 1284 ..
1199 1236 1274 1284 nam

746 1335 780 1398 et
795 1331 900 1396 dirum
916 1349 988 1398 eum
1005 1329 1182 1413 appellasse
1203 1326 1276 1392 dici·

747 1445 801 1505 tur
809 1445 846 1504 ut
857 1439 1046 1505 desiderium
1055 1439 1141 1504 illius
1153 1437 1276 1502 leniret.

218 1549 268 1627 24,
285 1552 304 1611 8
321 1553 355 1614 et
368 1547 549 1614 Antoninus
571 1542 700 1624 quidem
791 1552 850 1626 7‚5
872 1564 930 1614 nec
955 1555 1063 1614 tamen
1095 1545 1275 1612 Antoninus

177 1677 239 1726 non
253 1663 303 1725 est
316 1659 396 1725 satis
409 1661 515 1722 motus
528 1653 701 1719 delectione
748 1658 889 1739 graviter
910 1663 960 1724 est
979 1657 1081 1721 iratus
1105 1655 1275 1720 rebellione

177 1767 284 1834 necin
308 1769 377 1834 eius
400 1764 534 1832 affectus
556 1763 665 1828 saevit.
748 1764 874 1844 cognita
904 1782 962 1830 nec
996 1764 1030 1830 in
1063 1765 1129 1828 cius
1160 1762 1276 1829 liberos

749 1879 806 1937 ant
827 1869 970 1938 adlectus
992 1873 1103 1938 saevit.

220 1986 301 2064 24‚9
319 1983 375 2050 sed
393 2001 450 2064 per
471 1985 619 2050 senatum
645 1979 700 2046 bo·
793 1984 821 2057 7,
839 1985 858 2044 6
878 1983 1008 2045 sanatus
1043 1981 1133 2047 illum
1155 1981 1277 2046 hostem

179 2090 702 2171 stisestiudicatusbonaqueeius
750 2089 925 2171 appellavit
945 2091 1091 2169 bonaque
1115 2091 1183 2156 eius
1206 2108 1278 2172 pro·

178 2201 353 2284 proscripta
378 2220 435 2282 per
455 2201 613 2268 aerarium
645 2216 703 2281 pu·
751 2197 886 2280 scripsit.
926 2215 1008 2277 quae
1038 2198 1217 2264 Antoninus
1245 2198 1276 2262 in

178 2310 302 2378 blicum.
751 2308 910 2388 privatum
920 2307 1078 2372 aerarium
1089 2305 1215 2388 congeri
1224 2323 1277 2371 no·

751 2417 819 2494 luit,
833 2435 931 2497 quare
940 2422 1053 2484 senatu
1065 2415 1278 2497 praecipiente

752 2522 782 2587 io
819 2526 977 2590 aerarium
1009 2524 1169 2606 publicum
1202 2528 1278 2589 sunt

751 2632 866 2696 relata.

281 2742 328 2808 Ol.
340 2742 394 2820 vit,
408 2739 591 2821 Marsicae
605 2763 637 2794 ι-
650 2736 738 2804 Cassi
751 2742 778 2816 7,
789 2743 816 2802 6.
827 2739 869 2804 Μ.
879 2742 928 2819 25,
938 2745 955 2804 2
967 2765 1001 2795 ε
1015 2739 1103 2818 (lass,
1118 2743 1146 2819 7,
1159 2743 1277 2813 9-8,l

179 2853 315 2931 uasa
333 2877 364 2908 =
382 2848 414 2914 o.
435 2853 463 2930 7,
477 2853 506 2912 a.
528 2847 570 2912 M.
586 2851 634 2926 aa,
649 2850 730 2912 e-7
749 2873 779 2904 .-.
795 2846 829 2912 o.
857 2852 885 2927 a,
902 2853 928 2913 7.
952 2848 994 2913 M.
1012 2853 1060 2929 as,
1076 2853 1093 2912 7
1107 2873 1147 2904 =
1160 2849 1193 2914 o.
1208 2851 1279 2928 aa.

181 2960 223 3026 M.
239 2964 289 3041 25,
304 2957 537 3024 e-o=oass.
562 2962 591 3038 a,
606 2963 632 3023 1.
655 2958 696 3022 M.
710 2961 757 3036 aa,
778 2962 899 3024 11—12
918 2985 951 3014 =.·
967 2959 1001 3024 o.
1023 2964 1052 3039 o,
1072 2961 1163 3022 2—4.
1207 2957 1280 3036 Qui-

180 3069 239 3136 bus
261 3069 337 3135 locis
359 3067 550 3148 comparatis
578 3065 609 3132 id
631 3071 766 3147 apparet
789 3067 974 3134 Vulcacium
999 3068 1100 3133 multo
1123 3067 1280 3147 copiosius

180 3183 276 3260 atque
290 3175 471 3243 accuratius
484 3175 658 3256 Capitolino
673 3175 844 3256 scripsisse.
876 3175 1082 3258 Capitolinus,
1099 3177 1152 3256 qui
1169 3175 1198 3240 ei
1212 3181 1282 3242 tan·

180 3291 248 3353 tum
269 3287 316 3353 rei
336 3285 460 3352 studuit
481 3289 516 3348 ut
536 3283 639 3348 brevis
661 3289 756 3364 esset,
777 3286 903 3366 saepius
916 3292 982 3351 tam
998 3287 1130 3351 obscure
1148 3285 1283 3367 scripsit,

180 3402 217 3461 ut
236 3415 275 3462 ex
296 3397 363 3461 eius
387 3394 491 3460 verbis
512 3394 566 3458 vix
586 3392 730 3458 concludi
750 3394 859 3474 possit,
882 3393 958 3476 qnid
984 3395 1104 3461 Marius
1118 3395 1278 3460 Maximus

180 3505 349 3588 scripserit.
393 3503 454 3570 Sed
477 3523 548 3570 cum
570 3503 740 3571 Vulcacius
761 3520 887 3585 qnoque
910 3504 995 3570 dicat
1015 3524 1049 3572 se
1060 3503 1196 3569 Marium
1212 3504 1279 3568 Ma-

179 3614 312 3680 ximium
333 3614 366 3678 in
385 3613 479 3678 breve
501 3614 696 3679 contraxisse
720 3612 760 3693 (c.
776 3605 804 3692 9,
820 3614 862 3697 5),
889 3613 921 3679 id
944 3619 1090 3695 apparel,
1113 3611 1194 3693 quod
1220 3612 1283 3676 iam

180 3723 307 3805 saepius
339 3722 518 3788 monuimus
548 3727 755 3804 veterumque
791 3724 978 3790 testimoniis
1016 3740 1142 3805 quoqne
1174 3718 1285 3786 confir·
1404 3727 1406 3734 ’

181 3837 288 3900 matur
301 3833 324 3916 ¹)
346 3833 484 3899 Marium
499 3831 675 3898 Maximum
691 3830 793 3898 multo
808 3833 963 3913 copiosius
975 3831 1164 3912 uberiusque
1186 3831 1284 3913 epito-

186 4010 263 4066 tibus
287 4009 356 4078 ipsis
380 4010 519 4066 invenisse
541 4010 693 4080 scriptores
716 4007 806 4065 video.
852 4009 926 4076 Quas
944 4006 1079 4062 sermonis
1097 4004 1286 4076 proprietates

183 4105 324 4176 Spartiani
350 4124 410 4160 esse
436 4108 544 4163 Broeks
576 4107 615 4176 (p.
638 4105 755 4168 24-32t
791 4106 937 4160 contendit
964 4121 1095 4174 magnam
1121 4103 1151 4156 in
1176 4107 1286 4172 partem

184 4221 200 4258 a
218 4203 355 4272 capitibus
374 4203 477 4258 allatae
496 4206 570 4266 sunt,
589 4221 660 4272 quae
678 4221 693 4258 e
711 4201 802 4257 Mario
819 4202 942 4256 Maximo
960 4201 1109 4254 fluxerunt.

286 4299 313 4370 1)
332 4299 420 4356 dmm.
440 4299 565 4355 Marcell.
584 4297 701 4355 XXVIII
715 4300 740 4364 4,
753 4301 795 4354 14.
820 4299 957 4368 Vopiscus
975 4298 1024 4352 vit.
1043 4295 1132 4352 Firmi
1151 4297 1268 4362 1,1-2.
