3078 5096
784 389 823 448 10

254 569 418 646 topiorum,
443 567 673 633 Antoninorum
686 565 900 633 Corneliorum
922 563 1042 630 tamilla
1060 565 1223 646 coaluisse,
1244 569 1354 630 contra

252 677 431 758 Dexippum
449 677 612 742 contendit
630 677 675 742 vit
686 674 782 741 Gord.
799 679 872 756 19,9
885 674 1081 740 Gordianum
1093 693 1266 756 numquam
1277 692 1353 740 uxo·

251 804 319 852 rem
329 787 361 851 in
372 785 609 851 matrimonium
620 784 758 864 duxisse,
769 803 867 865 supra
878 785 1005 850 modum
1017 785 1048 848 in
1060 783 1148 850 bellis
1159 784 1355 850 Germanicis

251 894 439 960 enarrandis
464 893 629 958 Maximini
657 911 708 960 res
738 897 846 974 gestas
875 894 993 960 extulit
1023 896 1120 974 atque
1138 894 1354 976 exaggeravit,

252 1003 357 1068 omina
386 1003 497 1068 mortis
525 1001 691 1068 Maximini
728 1019 847 1083 rusque
879 1003 919 1068 ad
952 1001 1117 1067 fabellam«
1151 1002 1277 1082 scripsit
1309 1003 1356 1068 111

252 1111 337 1178 Max.
363 1115 411 1188 25,
426 1116 456 1176 4.
483 1109 641 1177 Fabulosa
663 1129 788 1194 quoque
809 1116 886 1178 sunt
907 1129 989 1192 quae
1011 1129 1028 1176 e
1054 1109 1155 1176 Cordo
1178 1109 1356 1178 afferrmtnr

251 1221 297 1286 vit
328 1219 424 1286 Gord.
448 1223 534 1300 26,2
558 1225 677 1284 motum
701 1226 806 1285 terrae
836 1238 905 1286 esse
929 1218 1052 1285 finitum
1086 1219 1235 1302 inspectis
1268 1220 1357 1286 libris

253 1328 414 1411 Sibyllinis
436 1327 665 1411 celebratisque
694 1328 838 1394 omnihus
859 1346 942 1409 quae
963 1329 1029 1394 illic
1050 1329 1137 1394 iussa
1155 1328 1354 1408 videbantur,

252 1441 285 1504 et
306 1437 379 1502 ibid.
397 1441 445 1515 33,
463 1440 490 1502 5.
518 1455 626 1502 omnes
650 1435 802 1504 Gordiani
825 1455 1025 1518 percussores
1054 1456 1132 1504 nsua
1156 1455 1252 1502 manu
1276 1437 1350 1504 suis

252 1565 314 1626 que
344 1545 459 1625 gladiis
487 1549 521 1610 et
550 1544 651 1611 isdem
682 1544 795 1624 quibus
816 1545 914 1625 illum
940 1545 1170 1626 percussissent
1194 1562 1228 1612 se
1259 1545 1357 1612 inter·

252 1653 394 1719 emisse«,
437 1652 529 1718 Falso
555 1653 650 1718 etiarn
672 1652 719 1718 vit
746 1653 841 1719 Gord.
878 1657 927 1734 22,
954 1658 969 1717 1
995 1653 1190 1725 Gordianum
1219 1653 1357 1720 sedecim

252 1780 352 1828 annos
373 1766 485 1828 natum
507 1762 548 1826 ad
572 1762 739 1843 imperium
761 1763 884 1829 venisse
901 1763 1042 1843 tradidit,
1069 1782 1140 1828 eum
1155 1762 1356 1829 Herodianus

252 1872 328 1938 VIII
349 1880 377 1950 ὃ,
390 1875 419 1936 8.
441 1887 514 1934 eum
538 1870 689 1936 tredecIm
711 1889 811 1938 annos
834 1876 945 1936 natum
970 1870 1068 1937 fuisse
1085 1870 1179 1951 dicat,
1202 1869 1356 1952 finxitque

253 1980 404 2062 epistolas
426 1979 471 2045 vit
494 1979 563 2046 Alb.
587 1981 647 2054 7,3
670 1979 766 2044 Gord.
793 1983 840 2059 14,
854 1984 882 2044 7.
926 1979 1035 2046 Prima
1056 1979 1189 2060 epistola
1212 1979 1283 2045 Alb.
1295 1985 1355 2061 7,3

254 2086 409 2169 quomodo
431 2087 533 2152 Cordo
566 2087 599 2153 in
622 2106 738 2154 manns
768 2089 892 2156 venerit
932 2107 994 2154 non
1023 2087 1260 2170 intelligendum
1292 2093 1351 2162 est.

211 2199 221 2218 ¹·
254 2196 389 2262 Severus
418 2196 511 2275 enim,
540 2197 566 2260 si
586 2197 739 2262 eiusmodi
763 2198 929 2278 epistolam
951 2197 1087 2280 scripsit,
1116 2203 1201 2264 certe
1223 2197 1354 2278 studuit,

253 2312 290 2371 nt
310 2309 383 2388 post
410 2304 870 2372 Albinimortemdeleretu1·.
922 2304 993 2382 Qua
1014 2322 1052 2372 ex
1077 2307 1212 2387 epistola
1238 2306 1355 2388 optime

254 2412 347 2480 Cordi
364 2415 449 2480 ratio
472 2413 625 2480 scribendi
647 2414 941 2500 perspiciturcnm
962 2414 1102 2489 omnIum
1126 2414 1352 2494 adiectivorum
1453 2400 1457 2407 ¹

253 2522 480 2605 superlativum
503 2521 627 2588 afferat.
674 2520 722 2588 De
751 2522 843 2588 rebus
865 2521 1007 2590 Veneriis
1030 2521 1193 2590 Maximini
1215 2522 1354 2589 Cordum

252 2633 423 2697 mentitum
445 2649 514 2697 esse
535 2629 735 2712 Capitolinus
762 2631 829 2712 ipse
851 2632 1031 2713 suspicatur
1054 2631 1101 2698 vit
1126 2633 1211 2698 Max.
1234 2636 1283 2713 23,
1306 2637 1353 2710 10,

252 2742 387 2821 reliqua,
409 2742 465 2823 qni
484 2741 569 2807 volet
583 2758 677 2806 nosse
700 2741 739 2804 de
764 2739 857 2805 rebus
869 2741 1010 2808 Veneriis
1033 2747 1066 2806 et
1086 2741 1261 2820 amatoriis,
1286 2741 1356 2821 qui-

253 2851 312 2916 bus
342 2867 414 2916 eum
436 2849 556 2916 Cordus
586 2851 735 2931 aspergit,
769 2849 901 2914 eundem
932 2850 1046 2931 legat«
1097 2851 1203 2931 Atque
1232 2851 1356 2916 utiam

205 3027 207 3032 ,
252 2958 378 3038 reliqua
400 2958 554 3035 omittam,
576 2959 673 3040 legat,
694 2975 913 3040 quemcunque
934 2957 1098 3034 mendacia
1113 2964 1210 3038 atque
1231 2958 1356 3024 fabulas

253 3049 346 3132 Cordi
368 3084 556 3148 cognoscere
587 3068 675 3132 iuvat
704 3067 750 3132 vit
772 3066 857 3134 Max.
889 3071 916 3144 6,
934 3070 1027 3131 8-9.
1060 3070 1109 3144 28,
1123 3071 1235 3130 8-10,
1286 3064 1355 3142 Quo

254 3193 292 3242 ex
314 3174 551 3242 mendacissimo
574 3180 705 3240 auctore
728 3176 830 3240 multa
852 3176 884 3240 in
908 3177 1048 3256 priorum
1071 3176 1297 3259 imperatorum
1310 3175 1354 3240 vi-

254 3288 304 3356 tas
326 3283 490 3364 irrepsisse
513 3285 733 3350 demonstrare
756 3283 902 3349 conabor.

352 3392 457 3474 Atque
480 3393 543 3458 iam
564 3394 695 3477 reliquis
713 3393 897 3459 auctoribus
916 3393 1039 3458 omissis
1054 3393 1168 3473 quibus
1185 3390 1356 3472 scriptores

253 3500 302 3566 usi
336 3519 405 3568 esse
437 3501 513 3566 mihi
549 3503 705 3581 videntur,
740 3501 780 3566 ad
811 3504 1028 3582 quaestionem
1060 3502 1161 3582 ipsam
1190 3500 1358 3579 aggrediar

254 3615 378 3689 atque
411 3608 513 3690 primo
537 3611 576 3676 de
599 3610 699 3676 Marci
722 3609 790 3676 vita
813 3610 966 3676 disseram
989 3627 1071 3690 quae
1093 3608 1169 3672 mihi
1191 3607 1355 3688 aptissima

255 3716 379 3782 videtur
398 3717 487 3784 etad
511 3717 677 3799 Capitolini
699 3722 731 3782 et
753 3716 794 3784 ad
819 3716 911 3782 Marii
932 3716 1063 3782 Maximi
1085 3714 1241 3780 scribendi
1261 3715 1357 3780 ratio-

256 3845 326 3892 nem
342 3827 598 3910 cognoscendam,
