3078 5096
776 419 816 478 52

249 607 305 674 sed
327 625 345 672 e
369 603 471 670 Cordo
493 601 622 668 fluxisse
644 585 737 668 duco
760 607 809 669 est
830 621 856 668 c.
870 607 901 668 9.
951 601 1018 680 Quo
1039 605 1069 666 ln
1092 600 1194 683 capite
1216 599 1350 666 eundern

247 709 280 776 iu
302 709 431 775 modum
450 705 629 773 defenditur
651 709 685 772 et
707 705 870 771 extollitur
891 705 1036 772 Iulianus
1052 710 1149 787 atque
1171 724 1197 773 c.
1214 712 1242 787 4,
1287 713 1348 789 9‚l

249 835 340 882 »cunr
375 816 407 881 in
442 815 574 898 irnperio
609 811 723 879 luisset
754 812 958 880 humillimus.
995 814 1056 878 fuit
1090 819 1197 880 autem
1238 819 1350 881 contra

246 924 492 990 humanissimus
530 922 570 988 ad
613 922 770 1003 convivia,
810 923 1055 1005 benignissimus
1088 925 1128 990 ad
1166 925 1347 1007 suscriptio·

247 1053 311 1111 nes,
334 1031 603 1098 moderatissimus
623 1033 664 1098 ad
684 1032 863 1099 libertatem
878 1035 929 1111 ¹).u
968 1033 1093 1100 Iunium
1109 1034 1247 1101 Cordum
1270 1034 1349 1103 haec

246 1142 409 1224 scripsisse
433 1140 725 1220 pronuntiator,
749 1143 833 1224 quod
855 1143 985 1224 gulosus
1010 1141 1131 1226 fuisset,
1165 1145 1250 1224 quod
1282 1163 1350 1211 ver-

249 1249 323 1314 bum
346 1246 431 1328 apud
447 1244 583 1312 Cordum
606 1246 780 1314 invenimus
795 1249 851 1314 vil.
875 1247 960 1315 Com.
980 1253 1025 1328 10,
1053 1256 1066 1313 l
1094 1251 1149 1317 vit.
1171 1252 1241 1317 Alb.
1264 1257 1346 1334 11‚2

249 1362 283 1423 et
304 1356 460 1422 adiectiva
483 1353 677 1434 superlativa
698 1351 735 1418 cf.
759 1354 813 1420 vit.
838 1355 940 1419 Albini
962 1359 990 1436 7,
1013 1360 1066 1419 3-
1076 1359 1103 1418 5.
1147 1357 1259 1437 ltaque
1279 1376 1350 1424 cum

248 1467 347 1547 cap09
370 1463 501 1530 cOordo
517 1461 652 1539 fluxerit,
676 1481 737 1528 non
753 1463 785 1528 id
801 1464 909 1528 mirari
926 1465 1076 1530 debemus
1097 1467 1180 1548 quod
1201 1485 1352 1532 uumerus

249 1559 413 1652 annorum,
448 1589 505 1653 per
531 1589 610 1652 quos
646 1571 788 1639 Iulianus
820 1572 937 1638 vixisse
969 1571 1094 1654 dicitur,
1116 1572 1197 1641 falso
1219 1573 1352 1642 affertur

250 1677 303 1762 (cf.
326 1685 355 1761 9,
377 1685 394 1744 3
416 1685 450 1746 et
470 1679 530 1745 Dio
554 1684 602 1759 73,
630 1678 680 1761 17)
704 1679 759 1745 sed
782 1680 823 1760 id,
857 1682 941 1761 quod
969 1685 1055 1747 recte
1076 1682 1220 1749 Iulianus
1247 1702 1352 1749 »men-

248 1787 336 1854 sibus
351 1789 473 1856 duobus
495 1787 605 1854 diebus
633 1789 771 1870 quinque
792 1790 937 1856 vixisses
951 1790 1067 1856 dicitur
1087 1791 1227 1873 (Diona,
1246 1799 1308 1873 17).

348 1897 727 1980 Mlillcrlp.146-150l
749 1901 802 1981 qui
825 1904 952 1980 caputl
973 1917 1098 1982 quoque
1120 1920 1137 1966 e
1159 1902 1261 1968 Mario
1282 1902 1351 1968 Ma-

253 2009 337 2074 ximo
361 2025 524 2074 emanasse
539 2012 642 2090 putat,
664 2007 795 2073 Dionem
822 2009 855 2072 iu
869 2008 984 2075 Iuliani
1006 2009 1113 2074 odium
1133 2013 1234 2078 multa
1257 2031 1353 2096 exag-

253 2135 382 2200 gerasse
418 2122 514 2197 atque
542 2115 643 2183 Mario
675 2118 816 2183 Maximo
844 2120 997 2184 maiorem
1026 2137 1093 2186 esse
1115 2119 1210 2185 iidem
1234 2120 1350 2187 haben-

251 2226 326 2292 dam
348 2244 444 2308 quam
466 2224 559 2291 Dioni
581 2226 678 2293 ducit.
722 2226 878 2310 Equidem
902 2245 964 2293 non
986 2229 1076 2294 video
1098 2230 1237 2295 Marium
1248 2228 1352 2295 Maxi·

250 2353 336 2400 mum
359 2353 378 2398 a
399 2333 500 2400 Dione
527 2335 701 2401 aberrasse.
754 2335 890 2402 Uberius
922 2341 1047 2402 tautum
1071 2338 1233 2404 enarravit
1252 2338 1352 2404 Dione

249 2443 373 2511 Marius
395 2443 560 2526 Maximus,
594 2463 676 2527 quae
705 2446 824 2513 Romae
858 2453 950 2526 gesta
978 2448 1048 2527 siut,
1080 2449 1188 2530 qualia
1220 2454 1352 2514 serratus

250 2553 397 2620 consulta
425 2552 552 2636 luerint,
582 2555 636 2636 qui
654 2554 797 2622 homines
824 2560 936 2622 contra
967 2555 1119 2624 Severum
1153 2558 1353 2640 Nigrumquc
1453 2621 1457 2628 .

249 2663 338 2729 missi
359 2664 430 2742 sint,
455 2682 537 2746 quac
557 2664 701 2732 Iulianus
735 2667 775 2732 ad
798 2665 909 2730 urbem
929 2663 1158 2732 defendendam
1179 2666 1349 2749 paraverit

251 2777 372 2852 quanta
393 2773 462 2838 eius
483 2771 622 2838 amentia
645 2771 748 2838 fuerit.
771 2771 859 2850 Quae
874 2774 980 2838 omnin
1001 2792 1040 2839 ea
1062 2791 1133 2838 curn
1155 2791 1232 2840 cura
1254 2777 1352 2852 atque

250 2880 416 2964 diligentia
439 2881 609 2962 enarravit,
648 2889 683 2945 ut
700 2881 784 2964 quod
808 2900 905 2963 snpra
928 2882 1225 2962 demonstravimus,
1249 2881 1352 2946 Maxi·

249 3003 336 3052 mum
355 2993 423 3054 turn
446 2989 566 3055 Romae
590 2986 689 3054 fuisso
711 2985 777 3054 loro
798 2994 919 3054 certum
941 3007 1010 3056 esec
1031 2975 1186 3054 videatur.
1230 2990 1351 3057 Milller

249 3099 411 3166 contendit
438 3098 613 3164 Maximum
644 3097 720 3163 nihil
749 3097 862 3164 afferre
882 3100 921 3165 de
946 3099 1091 3168 auctione
1111 3119 1208 3182 quam
1230 3100 1348 3167 milites

251 3207 417 3274 incastris
445 3208 623 3274 habuerint.
680 3207 782 3285 Quam
806 3209 932 3289 quidem
954 3209 1074 3276 Marius
1106 3211 1263 3276 Maximus
1286 3229 1349 3277 non

148 3349 214 3402 sssf
236 3317 283 3382 riu
305 3317 474 3396 enarravit,
509 3323 546 3384 ut
568 3317 607 3382 ab
629 3317 811 3384 Herodiano
823 3320 849 3401 ²)
881 3319 1052 3384 memoriae
1075 3319 1193 3385 tradita
1213 3327 1272 3402 est,
1295 3320 1351 3386 sed

249 3425 400 3492 aDionis
438 3427 620 3492 narratione
648 3425 895 3507 haudquaquam
926 3426 1060 3492 multum
1097 3428 1267 3496 aberravit.
1310 3429 1353 3496 Et

251 3533 312 3600 Dio
335 3534 383 3614 73,
401 3539 435 3599 ll
462 3538 494 3600 et
515 3534 636 3600 Marius
658 3533 817 3602 Maximus
839 3537 893 3601 vit.
916 3536 1009 3601 lull
1032 3538 1219 3619 retulerunt,
1242 3541 1353 3605 codem

250 3647 393 3724 ternpore
415 3625 630 3726 Sulpicianum
652 3648 686 3709 et
705 3643 863 3711 Iulianum
897 3647 992 3727 apud·
1013 3646 1128 3712 milites
1153 3646 1192 3712 de
1221 3649 1353 3730 imperio

250 3752 451 3834 impetrando
473 3753 667 3819 nundinatus
689 3771 760 3820 csse
775 3755 813 3834 ³),
835 3753 993 3821 lulianum
1016 3755 1158 3838 ingentia
1178 3757 1353 3840 pollicitum

358 3994 384 4065 1)
403 3993 443 4048 Cf.
463 4010 534 4064 ques
553 3994 588 4049 de
602 3995 652 4051 rit.
671 3993 759 4050 Marci
780 3997 813 4048 29
832 3993 1025 4050 adnotavimus
1042 4013 1069 4065 p.
1088 3997 1132 4050 21.

354 4109 383 4176 2)
404 4106 492 4176 Quem
504 4107 653 4163 immodice
670 4093 836 4176 ementitum
847 4125 916 4172 esec,
931 4107 986 4162 inm
1005 4107 1073 4162 satis
1092 4111 1220 4163 constare
1237 4109 1314 4178 puto.

353 4221 381 4290 3)
400 4221 503 4277 Millier
520 4223 631 4294 quidam
649 4222 718 4278 dicit
736 4223 765 4278 iu
783 4224 842 4278 vita
858 4221 910 4277 Iul.
929 4239 987 4278 non
1005 4239 1065 4278 esse
1085 4223 1199 4287 dictum,
1217 4221 1352 4291 Sulpicia·

254 4333 323 4370 num
341 4334 451 4390 quoqne
472 4319 507 4374 da
525 4319 643 4391 imperio
662 4321 846 4376 nundinatum
860 4338 928 4377 esse.
949 4319 1102 4390 Quodnisi
1128 4319 1200 4376 forto
1219 4319 1354 4391 epitoma·
