<?xml version="1.0" encoding="UTF-8"?>
<!DOCTYPE html PUBLIC "-//W3C//DTD XHTML 1.0 Transitional//EN"
    "http://www.w3.org/TR/xhtml1/DTD/xhtml1-transitional.dtd">
<html xmlns="http://www.w3.org/1999/xhtml" xml:lang="en" lang="en">
 <head>
  <title>
</title>
<meta http-equiv="Content-Type" content="text/html;charset=utf-8" />
  <meta name='ocr-system' content='tesseract 3.04.00' />
  <meta name='ocr-capabilities' content='ocr_page ocr_carea ocr_par ocr_line ocrx_word'/>
</head>
<body>
  <div class='ocr_page' id='page_1' title='image "./defontibusqvatv00rbgoog_0057.png"; bbox 0 0 3078 5096; ppageno 0'>
   <div class='ocr_carea' id='block_1_1' title="bbox 794 397 834 458">
    <p class='ocr_par' dir='ltr' id='par_1_1' title="bbox 794 397 834 458">
     <span class='ocr_line' id='line_1_1' title="bbox 794 397 834 458; baseline 0 0"><span class='ocrx_word' id='word_1_1' title='bbox 794 397 834 458; x_wconf 78' lang='lat'><strong>48</strong></span> 
     </span>
    </p>
   </div>
   <div class='ocr_carea' id='block_1_2' title="bbox 176 573 1462 3267">
    <p class='ocr_par' dir='ltr' id='par_1_2' title="bbox 176 573 1462 3267">
     <span class='ocr_line' id='line_1_2' title="bbox 176 573 1364 660; baseline 0.005 -22"><span class='ocrx_word' id='word_1_2' title='bbox 176 585 255 626; x_wconf 64' lang='lat' dir='ltr'><strong>niae..</strong></span> <span class='ocrx_word' id='word_1_3' title='bbox 347 573 413 640; x_wconf 88' lang='lat' dir='ltr'><strong>Iam</strong></span> <span class='ocrx_word' id='word_1_4' title='bbox 427 593 523 657; x_wconf 88' lang='lat' dir='ltr'><strong>supra</strong></span> <span class='ocrx_word' id='word_1_5' title='bbox 539 576 581 657; x_wconf 89' lang='lat' dir='ltr'><strong>(p.</strong></span> <span class='ocrx_word' id='word_1_6' title='bbox 594 580 642 641; x_wconf 82' lang='lat'><strong>44.</strong></span> <span class='ocrx_word' id='word_1_7' title='bbox 659 576 730 642; x_wconf 91' lang='lat' dir='ltr'><strong>adn.</strong></span> <span class='ocrx_word' id='word_1_8' title='bbox 748 577 782 655; x_wconf 78' lang='lat'><strong>2)</strong></span> <span class='ocrx_word' id='word_1_9' title='bbox 793 577 1088 658; x_wconf 87' lang='lat' dir='ltr'><strong>demonstravimus,</strong></span> <span class='ocrx_word' id='word_1_10' title='bbox 1107 596 1203 660; x_wconf 88' lang='lat' dir='ltr'><strong>quam</strong></span> <span class='ocrx_word' id='word_1_11' title='bbox 1214 581 1364 645; x_wconf 85' lang='lat' dir='ltr'><strong>accurate</strong></span> 
     </span>
     <span class='ocr_line' id='line_1_3' title="bbox 266 682 1364 767; baseline 0.006 -23"><span class='ocrx_word' id='word_1_12' title='bbox 266 682 441 750; x_wconf 88' lang='lat' dir='ltr'><strong>Pertinacis</strong></span> <span class='ocrx_word' id='word_1_13' title='bbox 463 685 530 750; x_wconf 87' lang='lat' dir='ltr'><strong>vita</strong></span> <span class='ocrx_word' id='word_1_14' title='bbox 550 704 569 748; x_wconf 88' lang='lat' dir='ltr'><strong>a</strong></span> <span class='ocrx_word' id='word_1_15' title='bbox 591 684 691 750; x_wconf 92' lang='lat' dir='ltr'><strong>Mario</strong></span> <span class='ocrx_word' id='word_1_16' title='bbox 720 684 859 751; x_wconf 87' lang='lat' dir='ltr'><strong>Maximo</strong></span> <span class='ocrx_word' id='word_1_17' title='bbox 889 693 1086 767; x_wconf 87' lang='lat' dir='ltr'><strong>pertractata</strong></span> <span class='ocrx_word' id='word_1_18' title='bbox 1108 689 1158 766; x_wconf 84' lang='lat' dir='ltr'><strong>ait,</strong></span> <span class='ocrx_word' id='word_1_19' title='bbox 1192 688 1238 752; x_wconf 91' lang='lat' dir='ltr'><strong>ita</strong></span> <span class='ocrx_word' id='word_1_20' title='bbox 1267 694 1301 753; x_wconf 92' lang='lat' dir='ltr'><strong>ut</strong></span> <span class='ocrx_word' id='word_1_21' title='bbox 1325 705 1364 752; x_wconf 91' lang='lat' dir='ltr'><strong>ne</strong></span> 
     </span>
     <span class='ocr_line' id='line_1_4' title="bbox 264 790 1365 871; baseline 0.005 -16"><span class='ocrx_word' id='word_1_22' title='bbox 264 809 362 857; x_wconf 90' lang='lat' dir='ltr'><strong>unum</strong></span> <span class='ocrx_word' id='word_1_23' title='bbox 373 790 497 871; x_wconf 88' lang='lat' dir='ltr'><strong>quidem</strong></span> <span class='ocrx_word' id='word_1_24' title='bbox 513 807 651 857; x_wconf 90' lang='lat' dir='ltr'><strong>errorem</strong></span> <span class='ocrx_word' id='word_1_25' title='bbox 666 793 866 858; x_wconf 81' lang='lat' dir='ltr'><strong>commissum</strong></span> <span class='ocrx_word' id='word_1_26' title='bbox 889 812 957 860; x_wconf 88' lang='lat' dir='ltr'><strong>esse</strong></span> <span class='ocrx_word' id='word_1_27' title='bbox 969 794 1102 860; x_wconf 89' lang='lat' dir='ltr'><strong>videam.</strong></span> <span class='ocrx_word' id='word_1_28' title='bbox 1123 794 1225 861; x_wconf 88' lang='lat' dir='ltr'><strong>Multo</strong></span> <span class='ocrx_word' id='word_1_29' title='bbox 1238 794 1365 861; x_wconf 83' lang='lat' dir='ltr'><strong>uberius</strong></span> 
     </span>
     <span class='ocr_line' id='line_1_5' title="bbox 263 899 1364 983; baseline 0.003 -19"><span class='ocrx_word' id='word_1_30' title='bbox 263 899 364 965; x_wconf 88' lang='lat' dir='ltr'><strong>Dione</strong></span> <span class='ocrx_word' id='word_1_31' title='bbox 389 901 544 966; x_wconf 68' lang='lat' dir='ltr'><strong>edocetur*</strong></span> <span class='ocrx_word' id='word_1_32' title='bbox 558 907 590 964; x_wconf 88' lang='lat' dir='ltr'><strong>ct</strong></span> <span class='ocrx_word' id='word_1_33' title='bbox 610 900 724 981; x_wconf 88' lang='lat' dir='ltr'><strong>quibus</strong></span> <span class='ocrx_word' id='word_1_34' title='bbox 755 919 899 983; x_wconf 88' lang='lat' dir='ltr'><strong>quaeque</strong></span> <span class='ocrx_word' id='word_1_35' title='bbox 921 902 1031 969; x_wconf 87' lang='lat' dir='ltr'><strong>diebus</strong></span> <span class='ocrx_word' id='word_1_36' title='bbox 1060 903 1135 983; x_wconf 90' lang='lat' dir='ltr'><strong>quin</strong></span> <span class='ocrx_word' id='word_1_37' title='bbox 1163 906 1259 971; x_wconf 89' lang='lat' dir='ltr'><strong>etiam</strong></span> <span class='ocrx_word' id='word_1_38' title='bbox 1278 903 1364 970; x_wconf 90' lang='lat' dir='ltr'><strong>horis</strong></span> 
     </span>
     <span class='ocr_line' id='line_1_6' title="bbox 263 1007 1365 1094; baseline 0.002 -20"><span class='ocrx_word' id='word_1_39' title='bbox 263 1013 352 1088; x_wconf 81' lang='lat' dir='ltr'><strong>gesta</strong></span> <span class='ocrx_word' id='word_1_40' title='bbox 374 1007 445 1087; x_wconf 91' lang='lat' dir='ltr'><strong>sint,</strong></span> <span class='ocrx_word' id='word_1_41' title='bbox 467 1011 624 1089; x_wconf 90' lang='lat' dir='ltr'><strong>quomodo</strong></span> <span class='ocrx_word' id='word_1_42' title='bbox 647 1027 720 1075; x_wconf 90' lang='lat' dir='ltr'><strong>oum</strong></span> <span class='ocrx_word' id='word_1_43' title='bbox 741 1014 854 1076; x_wconf 85' lang='lat' dir='ltr'><strong>senatu</strong></span> <span class='ocrx_word' id='word_1_44' title='bbox 875 1010 1029 1077; x_wconf 81' lang='lat' dir='ltr'><strong>Pertinax</strong></span> <span class='ocrx_word' id='word_1_45' title='bbox 1052 1014 1160 1094; x_wconf 82' lang='lat' dir='ltr'><strong>egerit,</strong></span> <span class='ocrx_word' id='word_1_46' title='bbox 1185 1011 1295 1092; x_wconf 83' lang='lat' dir='ltr'><strong>quales</strong></span> <span class='ocrx_word' id='word_1_47' title='bbox 1319 1013 1365 1076; x_wconf 87' lang='lat' dir='ltr'><strong>le·</strong></span> 
     </span>
     <span class='ocr_line' id='line_1_7' title="bbox 262 1116 1462 1198; baseline 0.005 -18"><span class='ocrx_word' id='word_1_48' title='bbox 262 1133 318 1197; x_wconf 79' lang='lat' dir='ltr'><strong>ges</strong></span> <span class='ocrx_word' id='word_1_49' title='bbox 338 1116 641 1196; x_wconf 82' lang='lat' dir='ltr'><strong>constitutionesque</strong></span> <span class='ocrx_word' id='word_1_50' title='bbox 664 1117 805 1195; x_wconf 86' lang='lat' dir='ltr'><strong>ediderit,</strong></span> <span class='ocrx_word' id='word_1_51' title='bbox 835 1119 991 1198; x_wconf 86' lang='lat' dir='ltr'><strong>quomodo</strong></span> <span class='ocrx_word' id='word_1_52' title='bbox 1023 1118 1208 1185; x_wconf 83' lang='lat' dir='ltr'><strong>interiectus</strong></span> <span class='ocrx_word' id='word_1_53' title='bbox 1242 1119 1283 1185; x_wconf 87' lang='lat' dir='ltr'><strong>sit</strong></span> <span class='ocrx_word' id='word_1_54' title='bbox 1303 1125 1362 1186; x_wconf 89' lang='lat' dir='ltr'><strong>etc.</strong></span> <span class='ocrx_word' id='word_1_55' title='bbox 1458 1139 1462 1150; x_wconf 93' lang='lat'>·</span> 
     </span>
     <span class='ocr_line' id='line_1_8' title="bbox 262 1223 1363 1305; baseline 0.005 -17"><span class='ocrx_word' id='word_1_56' title='bbox 262 1223 386 1303; x_wconf 86' lang='lat' dir='ltr'><strong>Miiller,</strong></span> <span class='ocrx_word' id='word_1_57' title='bbox 411 1225 465 1304; x_wconf 91' lang='lat' dir='ltr'><strong>qui</strong></span> <span class='ocrx_word' id='word_1_58' title='bbox 478 1242 509 1305; x_wconf 92' lang='lat' dir='ltr'><strong>p.</strong></span> <span class='ocrx_word' id='word_1_59' title='bbox 530 1229 586 1288; x_wconf 84' lang='lat'><strong>138</strong></span> <span class='ocrx_word' id='word_1_60' title='bbox 598 1243 639 1290; x_wconf 88' lang='lat' dir='ltr'><strong>ss.</strong></span> <span class='ocrx_word' id='word_1_61' title='bbox 662 1224 702 1288; x_wconf 87' lang='lat' dir='ltr'><strong>de</strong></span> <span class='ocrx_word' id='word_1_62' title='bbox 713 1224 807 1290; x_wconf 91' lang='lat' dir='ltr'><strong>Marii</strong></span> <span class='ocrx_word' id='word_1_63' title='bbox 822 1225 952 1290; x_wconf 83' lang='lat' dir='ltr'><strong>Maximi</strong></span> <span class='ocrx_word' id='word_1_64' title='bbox 975 1225 1035 1293; x_wconf 89' lang='lat' dir='ltr'><strong>fide</strong></span> <span class='ocrx_word' id='word_1_65' title='bbox 1057 1229 1089 1293; x_wconf 93' lang='lat' dir='ltr'><strong>in</strong></span> <span class='ocrx_word' id='word_1_66' title='bbox 1105 1227 1281 1294; x_wconf 84' lang='lat' dir='ltr'><strong>Pertinacis</strong></span> <span class='ocrx_word' id='word_1_67' title='bbox 1297 1229 1363 1293; x_wconf 87' lang='lat' dir='ltr'><strong>vita</strong></span> 
     </span>
     <span class='ocr_line' id='line_1_9' title="bbox 262 1331 1364 1419; baseline 0.002 -22"><span class='ocrx_word' id='word_1_68' title='bbox 262 1332 440 1397; x_wconf 87' lang='lat' dir='ltr'><strong>enarranda</strong></span> <span class='ocrx_word' id='word_1_69' title='bbox 470 1333 630 1414; x_wconf 80' lang='lat' dir='ltr'><strong>disseruit,</strong></span> <span class='ocrx_word' id='word_1_70' title='bbox 661 1331 868 1414; x_wconf 86' lang='lat' dir='ltr'><strong>proficiscitur</strong></span> <span class='ocrx_word' id='word_1_71' title='bbox 895 1335 935 1400; x_wconf 92' lang='lat' dir='ltr'><strong>ah</strong></span> <span class='ocrx_word' id='word_1_72' title='bbox 968 1339 1074 1414; x_wconf 82' lang='grc'><strong>13,1;</strong></span> <span class='ocrx_word' id='word_1_73' title='bbox 1108 1337 1297 1419; x_wconf 76' lang='lat' dir='ltr'><strong>»Imperium</strong></span> <span class='ocrx_word' id='word_1_74' title='bbox 1331 1338 1364 1399; x_wconf 90' lang='lat' dir='ltr'><strong>et</strong></span> 
     </span>
     <span class='ocr_line' id='line_1_10' title="bbox 261 1438 1362 1523; baseline 0.004 -16"><span class='ocrx_word' id='word_1_75' title='bbox 261 1438 365 1507; x_wconf 91' lang='lat' dir='ltr'><strong>omnia</strong></span> <span class='ocrx_word' id='word_1_76' title='bbox 376 1441 551 1523; x_wconf 88' lang='lat' dir='ltr'><strong>imperialia</strong></span> <span class='ocrx_word' id='word_1_77' title='bbox 569 1442 614 1508; x_wconf 90' lang='lat' dir='ltr'><strong>sic</strong></span> <span class='ocrx_word' id='word_1_78' title='bbox 632 1442 754 1508; x_wconf 88' lang='lat' dir='ltr'><strong>horruit</strong></span> <span class='ocrx_word' id='word_1_79' title='bbox 770 1449 848 1508; x_wconf 77' lang='lat' dir='ltr'><strong>etc«</strong></span> <span class='ocrx_word' id='word_1_80' title='bbox 872 1444 956 1522; x_wconf 92' lang='lat' dir='ltr'><strong>quod</strong></span> <span class='ocrx_word' id='word_1_81' title='bbox 966 1443 1060 1510; x_wconf 91' lang='lat' dir='ltr'><strong>Marii</strong></span> <span class='ocrx_word' id='word_1_82' title='bbox 1072 1444 1204 1511; x_wconf 83' lang='lat' dir='ltr'><strong>Maximi</strong></span> <span class='ocrx_word' id='word_1_83' title='bbox 1215 1462 1279 1510; x_wconf 90' lang='lat' dir='ltr'><strong>non</strong></span> <span class='ocrx_word' id='word_1_84' title='bbox 1293 1463 1362 1511; x_wconf 86' lang='lat' dir='ltr'><strong>ease</strong></span> 
     </span>
     <span class='ocr_line' id='line_1_11' title="bbox 261 1550 1362 1632; baseline 0.006 -19"><span class='ocrx_word' id='word_1_85' title='bbox 261 1550 462 1616; x_wconf 85' lang='lat' dir='ltr'><strong>ostendimus.</strong></span> <span class='ocrx_word' id='word_1_86' title='bbox 485 1551 546 1616; x_wconf 87' lang='lat' dir='ltr'><strong>Sed</strong></span> <span class='ocrx_word' id='word_1_87' title='bbox 558 1551 727 1632; x_wconf 82' lang='lat' dir='ltr'><strong>epistulam</strong></span> <span class='ocrx_word' id='word_1_88' title='bbox 739 1553 1050 1631; x_wconf 86' lang='lat' dir='ltr'><strong>quoquePertinacis</strong></span> <span class='ocrx_word' id='word_1_89' title='bbox 1069 1553 1188 1620; x_wconf 88' lang='lat' dir='ltr'><strong>Marius</strong></span> <span class='ocrx_word' id='word_1_90' title='bbox 1203 1553 1362 1620; x_wconf 82' lang='lat' dir='ltr'><strong>Maximus</strong></span> 
     </span>
     <span class='ocr_line' id='line_1_12' title="bbox 261 1658 1362 1743; baseline 0.004 -19"><span class='ocrx_word' id='word_1_91' title='bbox 261 1658 391 1724; x_wconf 89' lang='lat' dir='ltr'><strong>tradidit</strong></span> <span class='ocrx_word' id='word_1_92' title='bbox 410 1663 456 1738; x_wconf 82' lang='lat'><strong>15,</strong></span> <span class='ocrx_word' id='word_1_93' title='bbox 479 1663 498 1722; x_wconf 87' lang='lat'>8</span> <span class='ocrx_word' id='word_1_94' title='bbox 515 1677 597 1738; x_wconf 93' lang='lat' dir='ltr'><strong>quae</strong></span> <span class='ocrx_word' id='word_1_95' title='bbox 616 1660 793 1725; x_wconf 85' lang='lat' dir='ltr'><strong>»horruisse</strong></span> <span class='ocrx_word' id='word_1_96' title='bbox 815 1658 902 1724; x_wconf 91' lang='lat' dir='ltr'><strong>illum</strong></span> <span class='ocrx_word' id='word_1_97' title='bbox 921 1662 1086 1743; x_wconf 89' lang='lat' dir='ltr'><strong>imperium</strong></span> <span class='ocrx_word' id='word_1_98' title='bbox 1107 1662 1229 1729; x_wconf 80' lang='lat' dir='ltr'><strong>doceto.</strong></span> <span class='ocrx_word' id='word_1_99' title='bbox 1246 1663 1362 1728; x_wconf 79' lang='lat' dir='ltr'><strong>Mulier</strong></span> 
     </span>
     <span class='ocr_line' id='line_1_13' title="bbox 260 1766 1361 1851; baseline 0.001 -18"><span class='ocrx_word' id='word_1_100' title='bbox 260 1770 358 1851; x_wconf 84' lang='lat' dir='ltr'><strong>igitur</strong></span> <span class='ocrx_word' id='word_1_101' title='bbox 379 1769 540 1835; x_wconf 87' lang='lat' dir='ltr'><strong>existimat</strong></span> <span class='ocrx_word' id='word_1_102' title='bbox 562 1787 591 1850; x_wconf 89' lang='lat' dir='ltr'><strong>p.</strong></span> <span class='ocrx_word' id='word_1_103' title='bbox 611 1772 677 1832; x_wconf 85' lang='grc'><strong>139.</strong></span> <span class='ocrx_word' id='word_1_104' title='bbox 723 1766 892 1833; x_wconf 80' lang='lat' dir='ltr'><strong>nPertinax</strong></span> <span class='ocrx_word' id='word_1_105' title='bbox 922 1769 1012 1834; x_wconf 87' lang='lat' dir='ltr'><strong>hatte</strong></span> <span class='ocrx_word' id='word_1_106' title='bbox 1039 1770 1108 1834; x_wconf 90' lang='lat' dir='ltr'><strong>eine</strong></span> <span class='ocrx_word' id='word_1_107' title='bbox 1137 1768 1280 1850; x_wconf 80' lang='lat' dir='ltr'><strong>geheime</strong></span> <span class='ocrx_word' id='word_1_108' title='bbox 1300 1769 1361 1834; x_wconf 79' lang='lat' dir='ltr'><strong>Ab·</strong></span> 
     </span>
     <span class='ocr_line' id='line_1_14' title="bbox 260 1876 1359 1961; baseline 0 -17"><span class='ocrx_word' id='word_1_109' title='bbox 260 1880 398 1961; x_wconf 83' lang='lat' dir='ltr'><strong>neignng</strong></span> <span class='ocrx_word' id='word_1_110' title='bbox 421 1896 477 1944; x_wconf 88' lang='lat' dir='ltr'><strong>vor</strong></span> <span class='ocrx_word' id='word_1_111' title='bbox 500 1878 557 1943; x_wconf 85' lang='lat' dir='ltr'><strong>der</strong></span> <span class='ocrx_word' id='word_1_112' title='bbox 579 1876 871 1954; x_wconf 82' lang='lat' dir='ltr'><strong>Aileinherrschait,</strong></span> <span class='ocrx_word' id='word_1_113' title='bbox 894 1877 943 1944; x_wconf 88' lang='lat' dir='ltr'><strong>die</strong></span> <span class='ocrx_word' id='word_1_114' title='bbox 965 1880 1194 1958; x_wconf 83' lang='lat' dir='ltr'><strong>gebieterische</strong></span> <span class='ocrx_word' id='word_1_115' title='bbox 1213 1878 1359 1960; x_wconf 80' lang='lat' dir='ltr'><strong>Stellung</strong></span> 
     </span>
     <span class='ocr_line' id='line_1_15' title="bbox 259 1988 1361 2072; baseline -0.003 -17"><span class='ocrx_word' id='word_1_116' title='bbox 259 1990 344 2056; x_wconf 89' lang='lat' dir='ltr'><strong>eines</strong></span> <span class='ocrx_word' id='word_1_117' title='bbox 365 1990 558 2072; x_wconf 78' lang='lat' dir='ltr'><strong>Imperatore</strong></span> <span class='ocrx_word' id='word_1_118' title='bbox 588 2006 653 2054; x_wconf 86' lang='lat' dir='ltr'><strong>war</strong></span> <span class='ocrx_word' id='word_1_119' title='bbox 684 1989 787 2054; x_wconf 88' lang='lat' dir='ltr'><strong>seiner</strong></span> <span class='ocrx_word' id='word_1_120' title='bbox 816 1988 905 2054; x_wconf 90' lang='lat' dir='ltr'><strong>mehr</strong></span> <span class='ocrx_word' id='word_1_121' title='bbox 932 1989 1224 2070; x_wconf 87' lang='lat' dir='ltr'><strong>republicanischen</strong></span> <span class='ocrx_word' id='word_1_122' title='bbox 1252 1988 1361 2054; x_wconf 85' lang='lat' dir='ltr'><strong>Gesin·</strong></span> 
     </span>
     <span class='ocr_line' id='line_1_16' title="bbox 260 2096 1359 2180; baseline 0 -18"><span class='ocrx_word' id='word_1_123' title='bbox 260 2115 347 2180; x_wconf 86' lang='lat' dir='ltr'><strong>nung</strong></span> <span class='ocrx_word' id='word_1_124' title='bbox 367 2098 454 2164; x_wconf 88' lang='lat' dir='ltr'><strong>nicht</strong></span> <span class='ocrx_word' id='word_1_125' title='bbox 476 2096 681 2179; x_wconf 72' lang='lat' dir='ltr'><strong>angenehmx</strong></span> <span class='ocrx_word' id='word_1_126' title='bbox 726 2096 786 2163; x_wconf 86' lang='lat' dir='ltr'><strong>Sed</strong></span> <span class='ocrx_word' id='word_1_127' title='bbox 815 2098 1061 2178; x_wconf 88' lang='lat' dir='ltr'><strong>haudquaquam</strong></span> <span class='ocrx_word' id='word_1_128' title='bbox 1093 2103 1142 2165; x_wconf 83' lang='lat' dir='ltr'><strong>eat</strong></span> <span class='ocrx_word' id='word_1_129' title='bbox 1168 2098 1359 2164; x_wconf 90' lang='lat' dir='ltr'><strong>credendum</strong></span> 
     </span>
     <span class='ocr_line' id='line_1_17' title="bbox 259 2207 1359 2288; baseline -0.004 -16"><span class='ocrx_word' id='word_1_130' title='bbox 259 2224 331 2272; x_wconf 91' lang='lat' dir='ltr'><strong>oum</strong></span> <span class='ocrx_word' id='word_1_131' title='bbox 365 2207 425 2272; x_wconf 88' lang='lat' dir='ltr'><strong>iam</strong></span> <span class='ocrx_word' id='word_1_132' title='bbox 458 2227 515 2288; x_wconf 89' lang='lat' dir='ltr'><strong>per</strong></span> <span class='ocrx_word' id='word_1_133' title='bbox 545 2208 607 2273; x_wconf 93' lang='lat' dir='ltr'><strong>duo</strong></span> <span class='ocrx_word' id='word_1_134' title='bbox 638 2207 764 2272; x_wconf 89' lang='lat' dir='ltr'><strong>saecula</strong></span> <span class='ocrx_word' id='word_1_135' title='bbox 799 2208 1005 2288; x_wconf 85' lang='lat' dir='ltr'><strong>imperatores</strong></span> <span class='ocrx_word' id='word_1_136' title='bbox 1026 2207 1160 2272; x_wconf 85' lang='lat' dir='ltr'><strong>Romam</strong></span> <span class='ocrx_word' id='word_1_137' title='bbox 1194 2207 1359 2283; x_wconf 85' lang='lat' dir='ltr'><strong>rexissent,</strong></span> 
     </span>
     <span class='ocr_line' id='line_1_18' title="bbox 261 2313 1360 2410; baseline -0.005 -27"><span class='ocrx_word' id='word_1_138' title='bbox 261 2318 362 2384; x_wconf 90' lang='lat' dir='ltr'><strong>ullum</strong></span> <span class='ocrx_word' id='word_1_139' title='bbox 383 2319 558 2410; x_wconf 86' lang='lat' dir='ltr'><strong>Romanum</strong></span> <span class='ocrx_word' id='word_1_140' title='bbox 582 2316 770 2382; x_wconf 81' lang='lat' dir='ltr'><strong>deseratus</strong></span> <span class='ocrx_word' id='word_1_141' title='bbox 793 2320 952 2396; x_wconf 84' lang='lat' dir='ltr'><strong>potestate</strong></span> <span class='ocrx_word' id='word_1_142' title='bbox 975 2315 1174 2381; x_wconf 88' lang='lat' dir='ltr'><strong>restituenda</strong></span> <span class='ocrx_word' id='word_1_143' title='bbox 1197 2313 1360 2398; x_wconf 82' lang='lat' dir='ltr'><strong>cogitasse.</strong></span> 
     </span>
     <span class='ocr_line' id='line_1_19' title="bbox 261 2423 1362 2506; baseline 0 -16"><span class='ocrx_word' id='word_1_144' title='bbox 261 2426 303 2491; x_wconf 89' lang='lat' dir='ltr'><strong>Et</strong></span> <span class='ocrx_word' id='word_1_145' title='bbox 324 2425 484 2505; x_wconf 87' lang='lat' dir='ltr'><strong>Pertinax,</strong></span> <span class='ocrx_word' id='word_1_146' title='bbox 518 2426 544 2490; x_wconf 90' lang='lat' dir='ltr'><strong>si</strong></span> <span class='ocrx_word' id='word_1_147' title='bbox 574 2428 665 2488; x_wconf 88' lang='lat' dir='ltr'><strong>tanto</strong></span> <span class='ocrx_word' id='word_1_148' title='bbox 701 2425 746 2489; x_wconf 89' lang='lat' dir='ltr'><strong>rei</strong></span> <span class='ocrx_word' id='word_1_149' title='bbox 777 2423 921 2506; x_wconf 84' lang='lat' dir='ltr'><strong>publicae</strong></span> <span class='ocrx_word' id='word_1_150' title='bbox 953 2442 1060 2490; x_wconf 91' lang='lat' dir='ltr'><strong>amore</strong></span> <span class='ocrx_word' id='word_1_151' title='bbox 1089 2424 1231 2504; x_wconf 81' lang='lat' dir='ltr'><strong>repletus</strong></span> <span class='ocrx_word' id='word_1_152' title='bbox 1260 2441 1362 2504; x_wconf 89' lang='lat' dir='ltr'><strong>neque</strong></span> 
     </span>
     <span class='ocr_line' id='line_1_20' title="bbox 260 2531 1360 2618; baseline -0.003 -18"><span class='ocrx_word' id='word_1_153' title='bbox 260 2534 382 2618; x_wconf 88' lang='lat' dir='ltr'><strong>imperii</strong></span> <span class='ocrx_word' id='word_1_154' title='bbox 402 2535 532 2616; x_wconf 86' lang='lat' dir='ltr'><strong>cupidus</strong></span> <span class='ocrx_word' id='word_1_155' title='bbox 556 2531 625 2608; x_wconf 86' lang='lat' dir='ltr'><strong>fuit,</strong></span> <span class='ocrx_word' id='word_1_156' title='bbox 650 2550 705 2598; x_wconf 91' lang='lat' dir='ltr'><strong>cnr</strong></span> <span class='ocrx_word' id='word_1_157' title='bbox 730 2532 807 2598; x_wconf 90' lang='lat' dir='ltr'><strong>adeo</strong></span> <span class='ocrx_word' id='word_1_158' title='bbox 830 2532 935 2597; x_wconf 89' lang='lat' dir='ltr'><strong>enisus</strong></span> <span class='ocrx_word' id='word_1_159' title='bbox 957 2536 1013 2610; x_wconf 89' lang='lat' dir='ltr'><strong>est,</strong></span> <span class='ocrx_word' id='word_1_160' title='bbox 1042 2535 1079 2595; x_wconf 88' lang='lat' dir='ltr'><strong>ut</strong></span> <span class='ocrx_word' id='word_1_161' title='bbox 1110 2531 1283 2614; x_wconf 88' lang='lat' dir='ltr'><strong>imperator</strong></span> <span class='ocrx_word' id='word_1_162' title='bbox 1306 2531 1360 2597; x_wconf 88' lang='lat' dir='ltr'><strong>fie-</strong></span> 
     </span>
     <span class='ocr_line' id='line_1_21' title="bbox 259 2639 1361 2723; baseline -0.004 -15"><span class='ocrx_word' id='word_1_163' title='bbox 259 2645 329 2711; x_wconf 82' lang='lat' dir='ltr'><strong>ret?</strong></span> <span class='ocrx_word' id='word_1_164' title='bbox 371 2643 484 2723; x_wconf 87' lang='lat' dir='ltr'><strong>Itaque</strong></span> <span class='ocrx_word' id='word_1_165' title='bbox 506 2641 594 2707; x_wconf 90' lang='lat' dir='ltr'><strong>aliud</strong></span> <span class='ocrx_word' id='word_1_166' title='bbox 615 2639 767 2706; x_wconf 86' lang='lat' dir='ltr'><strong>indicavit</strong></span> <span class='ocrx_word' id='word_1_167' title='bbox 801 2643 938 2722; x_wconf 84' lang='lat' dir='ltr'><strong>epistula</strong></span> <span class='ocrx_word' id='word_1_168' title='bbox 965 2641 1020 2713; x_wconf 90' lang='lat' dir='ltr'><strong>illa</strong></span> <span class='ocrx_word' id='word_1_169' title='bbox 1051 2646 1148 2723; x_wconf 87' lang='lat' dir='ltr'><strong>atque</strong></span> <span class='ocrx_word' id='word_1_170' title='bbox 1172 2640 1288 2706; x_wconf 83' lang='lat' dir='ltr'><strong>Mdiler</strong></span> <span class='ocrx_word' id='word_1_171' title='bbox 1310 2657 1361 2705; x_wconf 83' lang='lat' dir='ltr'><strong>uo·</strong></span> 
     </span>
     <span class='ocr_line' id='line_1_22' title="bbox 260 2748 1359 2832; baseline -0.005 -15"><span class='ocrx_word' id='word_1_172' title='bbox 260 2752 328 2830; x_wconf 89' lang='lat' dir='ltr'><strong>luit,</strong></span> <span class='ocrx_word' id='word_1_173' title='bbox 353 2753 435 2832; x_wconf 92' lang='lat' dir='ltr'><strong>quod</strong></span> <span class='ocrx_word' id='word_1_174' title='bbox 457 2750 542 2815; x_wconf 91' lang='lat' dir='ltr'><strong>dictu</strong></span> <span class='ocrx_word' id='word_1_175' title='bbox 563 2769 625 2816; x_wconf 90' lang='lat' dir='ltr'><strong>uon</strong></span> <span class='ocrx_word' id='word_1_176' title='bbox 652 2749 765 2814; x_wconf 87' lang='lat' dir='ltr'><strong>dificile</strong></span> <span class='ocrx_word' id='word_1_177' title='bbox 792 2755 851 2817; x_wconf 85' lang='lat' dir='ltr'><strong>est.</strong></span> <span class='ocrx_word' id='word_1_178' title='bbox 894 2751 1048 2816; x_wconf 88' lang='lat' dir='ltr'><strong>Pertinax</strong></span> <span class='ocrx_word' id='word_1_179' title='bbox 1080 2751 1163 2815; x_wconf 89' lang='lat' dir='ltr'><strong>enim</strong></span> <span class='ocrx_word' id='word_1_180' title='bbox 1185 2748 1359 2830; x_wconf 84' lang='lat' dir='ltr'><strong>imperator</strong></span> 
     </span>
     <span class='ocr_line' id='line_1_23' title="bbox 259 2857 1356 2939; baseline -0.003 -14"><span class='ocrx_word' id='word_1_181' title='bbox 259 2858 362 2925; x_wconf 83' lang='lat' dir='ltr'><strong>iactus</strong></span> <span class='ocrx_word' id='word_1_182' title='bbox 388 2865 437 2925; x_wconf 83' lang='lat' dir='ltr'><strong>eat</strong></span> <span class='ocrx_word' id='word_1_183' title='bbox 456 2877 580 2926; x_wconf 91' lang='lat' dir='ltr'><strong>summo</strong></span> <span class='ocrx_word' id='word_1_184' title='bbox 610 2860 642 2923; x_wconf 92' lang='lat' dir='ltr'><strong>in</strong></span> <span class='ocrx_word' id='word_1_185' title='bbox 670 2876 777 2924; x_wconf 90' lang='lat' dir='ltr'><strong>rerum</strong></span> <span class='ocrx_word' id='word_1_186' title='bbox 812 2859 1004 2924; x_wconf 83' lang='lat' dir='ltr'><strong>discrimine:</strong></span> <span class='ocrx_word' id='word_1_187' title='bbox 1034 2858 1269 2939; x_wconf 86' lang='lat' dir='ltr'><strong>Praetorianos,</strong></span> <span class='ocrx_word' id='word_1_188' title='bbox 1301 2857 1356 2937; x_wconf 90' lang='lat' dir='ltr'><strong>qui</strong></span> 
     </span>
     <span class='ocr_line' id='line_1_24' title="bbox 261 2965 1363 3047; baseline -0.001 -16"><span class='ocrx_word' id='word_1_189' title='bbox 261 2967 486 3047; x_wconf 82' lang='lat' dir='ltr'><strong>irascebantur,</strong></span> <span class='ocrx_word' id='word_1_190' title='bbox 509 2968 592 3047; x_wconf 91' lang='lat' dir='ltr'><strong>quod</strong></span> <span class='ocrx_word' id='word_1_191' title='bbox 616 2967 807 3033; x_wconf 81' lang='lat' dir='ltr'><strong>Commodus</strong></span> <span class='ocrx_word' id='word_1_192' title='bbox 829 2970 899 3032; x_wconf 89' lang='lat' dir='ltr'><strong>erat</strong></span> <span class='ocrx_word' id='word_1_193' title='bbox 914 2967 1042 3046; x_wconf 89' lang='lat' dir='ltr'><strong>occisus,</strong></span> <span class='ocrx_word' id='word_1_194' title='bbox 1065 2965 1186 3032; x_wconf 90' lang='lat' dir='ltr'><strong>frustra</strong></span> <span class='ocrx_word' id='word_1_195' title='bbox 1207 2965 1363 3031; x_wconf 86' lang='lat' dir='ltr'><strong>donativis</strong></span> 
     </span>
     <span class='ocr_line' id='line_1_25' title="bbox 259 3073 1358 3157; baseline -0.003 -18"><span class='ocrx_word' id='word_1_196' title='bbox 259 3077 387 3156; x_wconf 88' lang='lat' dir='ltr'><strong>placare</strong></span> <span class='ocrx_word' id='word_1_197' title='bbox 411 3077 542 3142; x_wconf 86' lang='lat' dir='ltr'><strong>studuit.</strong></span> <span class='ocrx_word' id='word_1_198' title='bbox 586 3075 667 3139; x_wconf 89' lang='lat' dir='ltr'><strong>Nam</strong></span> <span class='ocrx_word' id='word_1_199' title='bbox 688 3074 851 3141; x_wconf 90' lang='lat' dir='ltr'><strong>dimidium</strong></span> <span class='ocrx_word' id='word_1_200' title='bbox 873 3075 1158 3153; x_wconf 84' lang='lat' dir='ltr'><strong>tantumdonativi,</strong></span> <span class='ocrx_word' id='word_1_201' title='bbox 1181 3073 1265 3157; x_wconf 90' lang='lat' dir='ltr'><strong>quod</strong></span> <span class='ocrx_word' id='word_1_202' title='bbox 1287 3091 1358 3156; x_wconf 91' lang='lat' dir='ltr'><strong>pro·</strong></span> 
     </span>
     <span class='ocr_line' id='line_1_26' title="bbox 261 3181 1360 3267; baseline -0.002 -19"><span class='ocrx_word' id='word_1_203' title='bbox 261 3185 399 3264; x_wconf 88' lang='lat' dir='ltr'><strong>miserat,</strong></span> <span class='ocrx_word' id='word_1_204' title='bbox 421 3185 459 3250; x_wconf 85' lang='lat' dir='ltr'><strong>iis</strong></span> <span class='ocrx_word' id='word_1_205' title='bbox 481 3185 556 3249; x_wconf 91' lang='lat' dir='ltr'><strong>dare</strong></span> <span class='ocrx_word' id='word_1_206' title='bbox 569 3185 673 3264; x_wconf 91' lang='lat' dir='ltr'><strong>potuit</strong></span> <span class='ocrx_word' id='word_1_207' title='bbox 686 3183 753 3265; x_wconf 86' lang='lat' dir='ltr'><strong>(vit.</strong></span> <span class='ocrx_word' id='word_1_208' title='bbox 776 3183 810 3246; x_wconf 91' lang='lat' dir='ltr'><strong>P.</strong></span> <span class='ocrx_word' id='word_1_209' title='bbox 827 3188 874 3263; x_wconf 82' lang='lat'><strong>15,</strong></span> <span class='ocrx_word' id='word_1_210' title='bbox 903 3184 945 3267; x_wconf 82' lang='lat'><strong>7.)</strong></span> <span class='ocrx_word' id='word_1_211' title='bbox 967 3190 1063 3265; x_wconf 91' lang='lat' dir='ltr'><strong>atque</strong></span> <span class='ocrx_word' id='word_1_212' title='bbox 1085 3201 1156 3250; x_wconf 88' lang='lat' dir='ltr'><strong>cum</strong></span> <span class='ocrx_word' id='word_1_213' title='bbox 1170 3181 1360 3248; x_wconf 80' lang='lat' dir='ltr'><strong>Commodus</strong></span> 
     </span>
    </p>
   </div>
   <div class='ocr_carea' id='block_1_3' title="bbox 263 3363 458 3370">
    <p class='ocr_par' dir='ltr' id='par_1_3' title="bbox 263 3363 458 3370">
     <span class='ocr_line' id='line_1_27' title="bbox 263 3363 458 3370; baseline -0.005 0"><span class='ocrx_word' id='word_1_214' title='bbox 263 3364 340 3370; x_wconf 75' lang='grc'><strong>-.--</strong></span> <span class='ocrx_word' id='word_1_215' title='bbox 349 3363 458 3370; x_wconf 69' lang='grc'><strong>-.-.....</strong></span> 
     </span>
    </p>
   </div>
   <div class='ocr_carea' id='block_1_4' title="bbox 260 3463 1362 4132">
    <p class='ocr_par' dir='ltr' id='par_1_4' title="bbox 260 3463 1362 4132">
     <span class='ocr_line' id='line_1_28' title="bbox 262 3463 1360 3551; baseline -0.01 -13"><span class='ocrx_word' id='word_1_216' title='bbox 262 3485 409 3538; x_wconf 72' lang='lat' dir='ltr'><strong>Ambibulo</strong></span> <span class='ocrx_word' id='word_1_217' title='bbox 430 3500 500 3547; x_wconf 80' lang='lat' dir='ltr'><strong>coss,</strong></span> <span class='ocrx_word' id='word_1_218' title='bbox 520 3483 572 3551; x_wconf 87' lang='lat' dir='ltr'><strong>(sic</strong></span> <span class='ocrx_word' id='word_1_219' title='bbox 591 3499 642 3551; x_wconf 89' lang='lat' dir='ltr'><strong>pro</strong></span> <span class='ocrx_word' id='word_1_220' title='bbox 660 3482 759 3536; x_wconf 91' lang='lat' dir='ltr'><strong>Bibulo</strong></span> <span class='ocrx_word' id='word_1_221' title='bbox 778 3479 957 3535; x_wconf 84' lang='lat' dir='ltr'><strong>scribendum</strong></span> <span class='ocrx_word' id='word_1_222' title='bbox 976 3477 1011 3532; x_wconf 87' lang='lat' dir='ltr'><strong>of.</strong></span> <span class='ocrx_word' id='word_1_223' title='bbox 1030 3463 1117 3530; x_wconf 86' lang='lat' dir='ltr'><strong>Orelli</strong></span> <span class='ocrx_word' id='word_1_224' title='bbox 1134 3476 1247 3529; x_wconf 88' lang='lat' dir='ltr'><strong>Henren</strong></span> <span class='ocrx_word' id='word_1_225' title='bbox 1265 3474 1360 3539; x_wconf 84' lang='grc'>6006).</span> 
     </span>
     <span class='ocr_line' id='line_1_29' title="bbox 261 3569 1362 3649; baseline -0.013 -14"><span class='ocrx_word' id='word_1_226' title='bbox 261 3580 361 3635; x_wconf 83' lang='lat' dir='ltr'><strong>Nescio</strong></span> <span class='ocrx_word' id='word_1_227' title='bbox 385 3579 473 3649; x_wconf 81' lang='lat' dir='ltr'><strong>igitur</strong></span> <span class='ocrx_word' id='word_1_228' title='bbox 499 3594 551 3644; x_wconf 72' lang='lat' dir='ltr'><strong>‚eur</strong></span> <span class='ocrx_word' id='word_1_229' title='bbox 577 3577 698 3631; x_wconf 85' lang='lat' dir='ltr'><strong>editores</strong></span> <span class='ocrx_word' id='word_1_230' title='bbox 717 3575 871 3630; x_wconf 72' lang='lat' dir='ltr'><strong>casauboni</strong></span> <span class='ocrx_word' id='word_1_231' title='bbox 898 3573 1121 3628; x_wconf 83' lang='lat' dir='ltr'><strong>emendationem</strong></span> <span class='ocrx_word' id='word_1_232' title='bbox 1147 3571 1194 3642; x_wconf 91' lang='lat' dir='ltr'><strong>qui</strong></span> <span class='ocrx_word' id='word_1_233' title='bbox 1212 3569 1300 3625; x_wconf 89' lang='lat' dir='ltr'>LXVI</span> <span class='ocrx_word' id='word_1_234' title='bbox 1315 3586 1362 3622; x_wconf 86' lang='lat' dir='ltr'><strong>vo·</strong></span> 
     </span>
     <span class='ocr_line' id='line_1_30' title="bbox 260 3651 1359 3744; baseline -0.011 -13"><span class='ocrx_word' id='word_1_235' title='bbox 260 3677 322 3737; x_wconf 88' lang='lat' dir='ltr'><strong>luit,</strong></span> <span class='ocrx_word' id='word_1_236' title='bbox 338 3651 540 3744; x_wconf 68' lang='lat' dir='ltr'><strong>improbartqnt.</strong></span> <span class='ocrx_word' id='word_1_237' title='bbox 579 3674 643 3729; x_wconf 86' lang='lat' dir='ltr'><strong>Dies</strong></span> <span class='ocrx_word' id='word_1_238' title='bbox 671 3672 780 3741; x_wconf 89' lang='lat' dir='ltr'><strong>imperii</strong></span> <span class='ocrx_word' id='word_1_239' title='bbox 799 3669 958 3725; x_wconf 81' lang='lat' dir='ltr'><strong>numeravit</strong></span> <span class='ocrx_word' id='word_1_240' title='bbox 975 3670 1080 3723; x_wconf 88' lang='lat' dir='ltr'><strong>Marius</strong></span> <span class='ocrx_word' id='word_1_241' title='bbox 1098 3668 1236 3723; x_wconf 84' lang='lat' dir='ltr'><strong>Maximus</strong></span> <span class='ocrx_word' id='word_1_242' title='bbox 1252 3684 1271 3720; x_wconf 92' lang='lat' dir='ltr'><strong>a</strong></span> <span class='ocrx_word' id='word_1_243' title='bbox 1288 3668 1359 3720; x_wconf 85' lang='lat' dir='ltr'><strong>sext.</strong></span> 
     </span>
     <span class='ocr_line' id='line_1_31' title="bbox 260 3761 1360 3838; baseline -0.014 -10"><span class='ocrx_word' id='word_1_244' title='bbox 260 3773 330 3828; x_wconf 86' lang='lat' dir='ltr'><strong>Non.</strong></span> <span class='ocrx_word' id='word_1_245' title='bbox 349 3771 406 3825; x_wconf 84' lang='lat' dir='ltr'><strong>Ian.</strong></span> <span class='ocrx_word' id='word_1_246' title='bbox 425 3769 593 3825; x_wconf 81' lang='lat' dir='ltr'><strong>Commodus</strong></span> <span class='ocrx_word' id='word_1_247' title='bbox 610 3768 723 3838; x_wconf 87' lang='lat' dir='ltr'><strong>quidem</strong></span> <span class='ocrx_word' id='word_1_248' title='bbox 741 3766 797 3826; x_wconf 79' lang='lat' dir='ltr'><strong>Gal.</strong></span> <span class='ocrx_word' id='word_1_249' title='bbox 818 3767 928 3822; x_wconf 88' lang='lat' dir='ltr'><strong>Ianuar.</strong></span> <span class='ocrx_word' id='word_1_250' title='bbox 958 3764 1123 3820; x_wconf 81' lang='lat' dir='ltr'><strong>interiectus</strong></span> <span class='ocrx_word' id='word_1_251' title='bbox 1148 3767 1192 3818; x_wconf 80' lang='lat' dir='ltr'><strong>eat</strong></span> <span class='ocrx_word' id='word_1_252' title='bbox 1209 3761 1360 3831; x_wconf 78' lang='lat' dir='ltr'><strong>(viteam.</strong></span> 
     </span>
     <span class='ocr_line' id='line_1_32' title="bbox 263 3856 1362 3936; baseline -0.009 -16"><span class='ocrx_word' id='word_1_253' title='bbox 263 3871 305 3931; x_wconf 80' lang='lat' dir='ltr'><strong>ld,</strong></span> <span class='ocrx_word' id='word_1_254' title='bbox 324 3869 349 3921; x_wconf 87' lang='lat'><strong>2.</strong></span> <span class='ocrx_word' id='word_1_255' title='bbox 368 3867 444 3920; x_wconf 86' lang='lat' dir='ltr'><strong>Part.</strong></span> <span class='ocrx_word' id='word_1_256' title='bbox 463 3869 488 3928; x_wconf 90' lang='grc'><strong>4,</strong></span> <span class='ocrx_word' id='word_1_257' title='bbox 509 3867 537 3936; x_wconf 86' lang='grc'><strong>3)</strong></span> <span class='ocrx_word' id='word_1_258' title='bbox 558 3864 607 3919; x_wconf 84' lang='lat' dir='ltr'><strong>sed</strong></span> <span class='ocrx_word' id='word_1_259' title='bbox 625 3868 737 3934; x_wconf 86' lang='lat' dir='ltr'><strong>postero</strong></span> <span class='ocrx_word' id='word_1_260' title='bbox 754 3863 867 3916; x_wconf 86' lang='lat' dir='ltr'><strong>damam</strong></span> <span class='ocrx_word' id='word_1_261' title='bbox 884 3861 931 3914; x_wconf 86' lang='lat' dir='ltr'><strong>die</strong></span> <span class='ocrx_word' id='word_1_262' title='bbox 940 3860 1073 3914; x_wconf 84' lang='lat' dir='ltr'><strong>Pertinax</strong></span> <span class='ocrx_word' id='word_1_263' title='bbox 1095 3858 1248 3927; x_wconf 83' lang='lat' dir='ltr'><strong>imperator</strong></span> <span class='ocrx_word' id='word_1_264' title='bbox 1267 3856 1362 3926; x_wconf 85' lang='lat' dir='ltr'><strong>appel·</strong></span> 
     </span>
     <span class='ocr_line' id='line_1_33' title="bbox 261 3951 1362 4030; baseline -0.014 -11"><span class='ocrx_word' id='word_1_265' title='bbox 261 3965 334 4020; x_wconf 84' lang='lat' dir='ltr'><strong>latua</strong></span> <span class='ocrx_word' id='word_1_266' title='bbox 353 3968 403 4018; x_wconf 85' lang='lat' dir='ltr'><strong>est.</strong></span> <span class='ocrx_word' id='word_1_267' title='bbox 440 3963 537 4030; x_wconf 87' lang='lat' dir='ltr'><strong>Itaque</strong></span> <span class='ocrx_word' id='word_1_268' title='bbox 560 3977 618 4016; x_wconf 90' lang='lat' dir='ltr'><strong>non</strong></span> <span class='ocrx_word' id='word_1_269' title='bbox 639 3961 714 4016; x_wconf 85' lang='lat' dir='ltr'><strong>inter</strong></span> <span class='ocrx_word' id='word_1_270' title='bbox 739 3978 769 4014; x_wconf 85' lang='lat' dir='ltr'><strong>ae</strong></span> <span class='ocrx_word' id='word_1_271' title='bbox 793 3961 960 4030; x_wconf 79' lang='lat' dir='ltr'><strong>repugnant,</strong></span> <span class='ocrx_word' id='word_1_272' title='bbox 985 3956 1060 4026; x_wconf 88' lang='lat' dir='ltr'><strong>quod</strong></span> <span class='ocrx_word' id='word_1_273' title='bbox 1078 3953 1212 4010; x_wconf 86' lang='lat' dir='ltr'><strong>Pertinax</strong></span> <span class='ocrx_word' id='word_1_274' title='bbox 1234 3953 1283 4022; x_wconf 92' lang='lat' dir='ltr'><strong>qui</strong></span> <span class='ocrx_word' id='word_1_275' title='bbox 1304 3951 1362 4005; x_wconf 84' lang='lat' dir='ltr'><strong>Cal.</strong></span> 
     </span>
     <span class='ocr_line' id='line_1_34' title="bbox 262 4049 1362 4132; baseline -0.011 -18"><span class='ocrx_word' id='word_1_276' title='bbox 262 4061 334 4132; x_wconf 79' lang='lat' dir='ltr'><strong>Aug.</strong></span> <span class='ocrx_word' id='word_1_277' title='bbox 357 4064 438 4112; x_wconf 84' lang='lat' dir='ltr'><strong>natue</strong></span> <span class='ocrx_word' id='word_1_278' title='bbox 463 4062 506 4112; x_wconf 83' lang='lat' dir='ltr'><strong>est</strong></span> <span class='ocrx_word' id='word_1_279' title='bbox 528 4055 615 4111; x_wconf 87' lang='lat' dir='ltr'>LXVI</span> <span class='ocrx_word' id='word_1_280' title='bbox 640 4075 684 4112; x_wconf 91' lang='lat' dir='ltr'><strong>an.</strong></span> <span class='ocrx_word' id='word_1_281' title='bbox 708 4055 760 4112; x_wconf 89' lang='lat' dir='ltr'><strong>v11</strong></span> <span class='ocrx_word' id='word_1_282' title='bbox 778 4072 864 4110; x_wconf 84' lang='lat' dir='ltr'><strong>mena.</strong></span> <span class='ocrx_word' id='word_1_283' title='bbox 890 4051 978 4108; x_wconf 87' lang='lat' dir='ltr'>XXVI</span> <span class='ocrx_word' id='word_1_284' title='bbox 998 4051 1056 4104; x_wconf 85' lang='lat' dir='ltr'><strong>dies</strong></span> <span class='ocrx_word' id='word_1_285' title='bbox 1074 4051 1183 4117; x_wconf 78' lang='lat' dir='ltr'><strong>vixisse,</strong></span> <span class='ocrx_word' id='word_1_286' title='bbox 1208 4049 1234 4103; x_wconf 87' lang='lat'><strong>11</strong></span> <span class='ocrx_word' id='word_1_287' title='bbox 1253 4065 1362 4102; x_wconf 82' lang='lat' dir='ltr'><strong>menses</strong></span> 
     </span>
    </p>
   </div>
   <div class='ocr_carea' id='block_1_5' title="bbox 261 4151 688 4225">
    <p class='ocr_par' dir='ltr' id='par_1_5' title="bbox 261 4151 688 4225">
     <span class='ocr_line' id='line_1_35' title="bbox 261 4151 688 4225; baseline -0.014 -13"><span class='ocrx_word' id='word_1_288' title='bbox 261 4156 336 4212; x_wconf 87' lang='lat' dir='ltr'><strong>XXV</strong></span> <span class='ocrx_word' id='word_1_289' title='bbox 352 4155 411 4210; x_wconf 81' lang='lat' dir='ltr'><strong>dies</strong></span> <span class='ocrx_word' id='word_1_290' title='bbox 429 4170 559 4225; x_wconf 77' lang='lat' dir='ltr'><strong>regnasse</strong></span> <span class='ocrx_word' id='word_1_291' title='bbox 577 4151 688 4210; x_wconf 85' lang='lat' dir='ltr'><strong>dieitur.</strong></span> 
     </span>
    </p>
   </div>
   <div class='ocr_carea' id='block_1_6' title="bbox 0 0 1544 5096">
    <p class='ocr_par' dir='ltr' id='par_1_6' title="bbox 0 0 1544 5096">
     <span class='ocr_line' id='line_1_36' title="bbox 0 0 1544 5096; baseline 0 0"><span class='ocrx_word' id='word_1_292' title='bbox 0 0 1544 5096; x_wconf 95' lang='lat' dir='ltr'><strong> </strong></span> 
     </span>
    </p>
   </div>
  </div>
 </body>
</html>
