3078 5096
778 375 796 434 6

333 551 412 618 Cum
433 552 497 617 iam
517 551 558 617 ad
580 551 702 616 vitam
725 551 1017 618 Gordianorum
1041 554 1210 636 aggrediar
1231 556 1337 620 neseio

234 663 353 746 quibus
384 661 424 728 de
454 661 558 728 cauus
585 660 759 724 Dandliker
787 660 974 728 iudicaverit
1005 679 1072 742 cap.
1097 667 1115 725 7
1138 667 1171 727 et
1192 667 1222 743 8,
1253 666 1335 726 5--6

232 773 407 838 maximam
429 776 554 852 partem
574 789 614 834 ex
636 769 814 838 Herodiano
835 769 972 851 fluxisse,
996 790 1068 837 oum
1089 772 1260 853 primordia
1278 773 1336 837 im-

235 881 315 962 perii
337 882 430 963 longe
453 880 514 944 alio
547 880 639 944 modo
662 885 832 946 narrentur
865 885 962 960 atque
989 881 1031 946 ab
1051 874 1231 946 Herodiano
1262 886 1336 947 eta

236 988 412 1070 Capitolino
434 987 502 1068 ipso
525 987 584 1069 (vit
605 989 690 1054 Max.
716 993 763 1068 14,
786 994 838 1070 lb)
859 994 1039 1054 narrantur.
1072 989 1244 1056 Herodiani
1266 1009 1338 1054 nar-

234 1097 316 1162 ratio
338 1097 518 1162 continetur
539 1101 567 1174 9,
592 1101 620 1174 2,
651 1097 704 1162 ubi
738 1097 884 1162 lacunam
918 1115 1013 1178 quam
1045 1099 1140 1164 Peter
1173 1099 1337 1164 coustituit

235 1205 319 1271 hunc
349 1203 416 1269 lere
444 1204 478 1268 in
509 1203 637 1270 modum
667 1205 855 1286 explendam
874 1223 958 1270 ,esse
987 1204 1076 1271 duco.
1119 1205 1181 1270 Alii
1211 1206 1339 1286 quidem

237 1314 336 1380 occiso
359 1314 512 1379 rationali
529 1314 638 1378 dicuat
659 1333 728 1378 eom
748 1315 855 1378 metim
871 1334 935 1378 csse
955 1312 1130 1397 Acacium
1146 1315 1340 1396 appellatam

236 1423 321 1504 quod
343 1420 524 1488 Gordianus
546 1426 620 1486 ante
643 1422 809 1487 nescierat.

336 1531 370 1596 O.
384 1533 423 1594 13
445 1530 472 1613 ᾖ.
486 1535 566 1594 6-9
588 1529 655 1596 fere
669 1531 860 1597 verbotenus
882 1549 922 1596 ex
936 1530 1117 1598 Herodiano
1132 1530 1192 1596 VII
1206 1535 1235 1610 7,
1258 1534 1338 1594 1-5

236 1640 406 1720 compilata
430 1643 513 1705 sunt.
554 1638 754 1720 Capitolinus
772 1639 946 1705 Herodiani
966 1639 1180 1705 narrationem
1209 1639 1240 1704 iu
1268 1639 1338 1703 bre-

235 1750 304 1814 vius
329 1749 498 1828 contraxit,
523 1749 632 1814 attulit
661 1752 769 1814 tamen
796 1754 831 1812 ut
852 1747 1031 1814 accuratius
1062 1748 1241 1814 Herodiano
1263 1747 1338 1812 sori·

235 1857 326 1922 beret
353 1861 404 1922 net
425 1855 457 1919 in
479 1855 581 1922 medio
603 1856 772 1922 derelictus
795 1860 873 1922 esto

336 1963 530 2040 Dindlilrero
553 1965 722 2030 concedere
736 1981 799 2028 non
820 1981 948 2045 possum
961 1981 1028 2044 cap.
1047 1967 1085 2027 16
1105 1981 1145 2027 ex
1158 1962 1339 2029 Herodiano

236 2090 307 2138 esse
326 2075 487 2152 sumptum
509 2090 580 2135 eum
603 2071 796 2152 Capitolinus
818 2089 868 2136 res
896 2071 990 2152 longe
1016 2070 1077 2136 alio
1109 2071 1201 2135 modo
1222 2069 1341 2136 referat

238 2186 334 2261 atque
355 2178 563 2245 Herodianus.
609 2178 699 2256 Quod
726 2185 762 2243 ut
786 2179 998 2244 demonstrem
1018 2196 1115 2242 unum
1138 2181 1264 2244 tantum
1284 2196 1339 2242 ex·

238 2289 377 2370 emplum
399 2286 514 2353 affero:
536 2288 582 2352 vit
603 2287 699 2352 Gord.
726 2289 804 2366 15,2
831 2285 1029 2352 »Gordianus
1051 2291 1158 2352 tamen
1179 2285 1339 2352 fortunam

237 2397 311 2462 belli
333 2397 467 2478 experiri
491 2396 620 2477 cupiens
641 2393 741 2460 filium
763 2413 857 2460 suum
876 2398 987 2460 contra
1008 2393 1210 2475 Capelianum
1232 2394 1336 2460 misita

238 2510 271 2572 et
294 2505 368 2570 Her.
392 2505 451 2570 VH
473 2510 501 2584 9,
525 2508 561 2568 4:
583 2501 762 2584 sepultores
777 2499 837 2584 μὲν
856 2489 913 2568 οὖν
935 2497 952 2568 ὁ
977 2495 1166 2585 acceptans,
1189 2494 1234 2578 ὥς
1255 2499 1340 2578 τινές

240 2635 340 2701 φασιν
362 2611 481 2678 ἐννοῶν
501 2607 558 2700 τὴν
582 2607 717 2694 δύναμιν
738 2613 797 2676 τοῦ
822 2611 1010 2694 Μαξιμίνου
1032 2600 1127 2676 οὐδὲν
1147 2608 1183 2676 δὲ
1204 2605 1291 2694 ὁρῶν
1306 2608 1340 2675 ἑν

239 2717 343 2809 Λιβύῃ
365 2711 544 2805 οἷξιόμαχον
565 2714 756 2806 ἰσόῤῥνπον,
777 2711 954 2805 ἀνήρτησεν
977 2714 1092 2784 ἑαυτὸν
1115 2700 1235 2804 βρόχῳ.

340 2832 442 2908 Quam
466 2833 571 2912 inepte
585 2830 780 2913 Capitolinus
797 2829 961 2895 historiam
985 2829 1199 2910 compilaverit
1223 2828 1341 2910 optime

239 2939 383 3020 cognosci
404 2944 509 3020 potest
531 2959 571 3004 ex
594 2939 653 3004 uit
674 2939 772 3004 Max.
794 2940 835 3001 et
855 2936 1024 3002 Balbini
1049 2955 1073 3000 o.
1096 2940 1209 3001 8—10.
1241 2936 1340 3002 Herc·

238 3047 350 3114 dianus
374 3047 433 3112 Vll
457 3051 505 3112 10.
530 3052 565 3110 11
590 3047 670 3113 duas
693 3044 865 3112 seditiones
886 3046 1005 3111 Romae
1032 3048 1119 3112 ortas
1141 3063 1210 3112 esse
1231 3043 1340 3124 tradit,

239 3172 375 3238 quarum
395 3155 529 3222 alteram
561 3156 697 3236 populus
719 3154 855 3220 moverit
879 3173 953 3220 cum
973 3155 1127 3222 Gordiani
1155 3153 1254 3220 lilium
1277 3155 1341 3218 An·

243 3268 373 3346 gustum
394 3263 547 3346 appellari
569 3263 704 3330 voluerit
726 3264 862 3328 alteram
882 3264 1085 3345 praetoriani,
1116 3265 1170 3344 qui
1191 3263 1264 3328 irati
1291 3260 1340 3325 lu·

241 3373 333 3453 erint,
364 3375 448 3453 quod
471 3373 533 3438 duo
561 3391 690 3438 auorum
713 3391 732 3436 a
753 3373 953 3440 senatoribus
976 3373 1068 3438 occisi
1091 3376 1206 3439 esseut.
1258 3369 1341 3448 Qua-

249 3543 446 3556 ..au—*¹¹⁸⁸-

243 3669 312 3723 barc
329 3688 384 3724 non
403 3687 524 3740 possum,
549 3668 598 3723 sed
622 3669 651 3722 in
670 3668 782 3736 Vopisci
811 3685 920 3738 quoque
938 3667 1004 3720 vitis
1024 3665 1212 3735 quaestionem
1231 3664 1265 3719 de
1284 3683 1340 3718 nna

242 3782 351 3834 quaqua
370 3765 490 3835 epistula
508 3765 709 3819 instituendam
733 3781 792 3818 ease
810 3763 882 3817 duco
907 3767 1001 3816 utrum
1018 3760 1138 3832 genuina
1158 3761 1195 3814 sit
1215 3779 1250 3814 an
1269 3778 1342 3814 oom-

242 3861 387 3925 menticia,
414 3863 568 3930 multasque
593 3861 672 3916 fictas
691 3861 821 3930 epistolas
841 3879 857 3914 a
877 3860 996 3929 Vopisco
1019 3857 1170 3911 memorias
1199 3875 1257 3912 esse
1287 3863 1343 3912 tra·

242 3956 323 4011 ditas.
363 3957 492 4011 Ceterum
510 3959 637 4012 Brunner
664 3973 720 4012 non
741 3957 868 4011 omnibus
893 3955 961 4009 loeis
985 3972 1025 4017 aa.
1045 3971 1100 4022 qua
1126 3953 1247 4009 debebat
1275 3971 1344 4008 cura

243 4051 356 4121 scripsit
374 4070 436 4107 eum
454 4071 482 4123 p.
498 4055 532 4108 23
550 4053 615 4108 bari
637 4053 686 4108 vit.
706 4055 731 4116 9,
752 4056 765 4106 1
786 4052 919 4107 verterit:
947 4050 1009 4106 dass
1034 4067 1063 4104 as
1091 4049 1136 4104 eiu
1154 4049 1342 4119 Verhltnguiss

242 4151 291 4206 des
309 4149 465 4206 Schicksals
481 4151 528 4215 sai,
547 4150 610 4208 desa
630 4151 788 4208 diaRbmer
806 4149 885 4206 niam
903 4148 972 4206 iiber
992 4147 1045 4204 dan
1070 4145 1221 4223 Ctesiphon
1232 4147 1343 4207 hircus·

243 4250 381 4306 kommen.
