3078 5096
811 393 851 454 34

256 617 259 625 -
278 571 377 656 igitur
397 592 462 656 pax
483 579 609 640 66616111
631 591 785 640 annorum
805 575 890 640 iuter
911 573 1037 640 fabulas
1052 573 1200 640 habenda
1218 576 1267 655 sit,
1288 572 1382 656 fabu-

280 681 349 746 loso
375 699 412 746 ea
442 698 566 764 quoque
595 685 679 762 sunt,
711 699 793 764 quae
828 681 867 746 de
888 681 978 750 (lassi
1010 683 1179 750 severitate
1209 691 1385 750 narrantur

279 808 304 854 6.
326 793 388 868 4,3
414 789 551 872 »primus
572 789 604 854 id
626 789 769 870 supplicii
790 807 890 871 geum
924 790 1044 855 invenit
1066 797 1102 856 ut
1124 790 1263 872 stipitem
1285 810 1384 872 grau·

192 953 193 960 ,
278 899 349 964 dom
371 904 501 982 poneret
524 899 641 980 pedum
664 899 1175 982 66166161661661116161116166

92 1022 269 1067 66666616,
379 1008 494 1085 Quinto
521 1007 634 1074 deiude
663 1009 768 1090 capite
789 1008 958 1077 Vulcacius
988 1010 1029 1074 ad
1054 1010 1222 1076 Aemilium
1245 1010 1382 1076 Parthe-

277 1120 405 1184 niauum
424 1117 549 1196 transit,
572 1118 624 1198 qui
653 1117 786 1183 eundem
817 1118 882 1182 lere
905 1119 937 1182 iu
967 1117 1093 1184 modum
1119 1119 1283 1184 historiam
1308 1137 1380 1186 eon-

276 1227 411 1308 scripsit‚
427 1233 523 1306 atque
539 1226 728 1303 Quadratus.
774 1226 844 1306 Qui,
865 1245 937 1292 oum
952 1228 991 1293 de
1006 1226 1096 1294 (lassi
1115 1227 1279 1294 iuventute
1301 1228 1380 1294 nihil

275 1334 341 1400 fere
369 1336 539 1402 memoriae
564 1336 716 1401 traditum
739 1336 893 1402 invenerit
915 1337 1067 1418 epistulas
1090 1354 1216 1420 quoque
1236 1335 1332 1402 finxit
1342 1338 1377 1416 ¹),

275 1445 367 1510 etde
388 1446 556 1510 6616111616
580 1443 807 1528 disciplinaque
830 1444 919 1510 Cassi
941 1443 1099 1527 quaedam
1120 1443 1292 1511 ementitus
1317 1449 1379 1524 est,

274 1570 356 1632 quae
377 1571 448 1618 cum
474 1552 637 1631 Quadrato
660 1560 838 1634 congruunt
860 1551 898 1618 cf.
919 1557 947 1628 4,
968 1556 984 1616 5
1010 1553 1137 1618 »multis
1160 1552 1379 1620 desertoribus

274 1679 387 1728 manus
409 1662 541 1730 excidit«
563 1669 595 1729 et
618 1667 677 1743 b‚2
703 1669 754 1727 »et
767 1681 878 1728 manus
898 1663 1008 1728 multis
1022 1663 1226 1746 6666161116
1266 1661 1378 1744 Neque

272 1777 381 1838 tamen
404 1771 491 1844 Cassi
519 1772 720 1837 severitatem
751 1773 831 1838 adeo
861 1773 1068 1854 exaggeravit
1097 1771 1250 1852 auxitque
1279 1789 1376 1852 quam

274 1869 466 1958 Quadratus.

373 1993 444 2069 6,6
481 1989 522 2054 ad
557 1988 691 2054 Marium
734 1987 907 2054 Maximum
945 1988 1073 2054 transiit
1103 1988 1270 2054 Vulcacius
1304 2006 1377 2053 cum

274 2099 395 2166 videret
427 2099 467 2164 de
497 2096 762 2165 Antiochensibus
794 2097 1021 2164 rebellantibus
1044 2097 1182 2164 Marium
1202 2097 1386 2176 Maximum*

273 2225 398 2290 quoque
426 2206 582 2289 quaedam
616 2207 771 2272 attulisse.
822 2205 959 2272 Marium
991 2205 1166 2271 Maximum
1191 2204 1303 2270 deinde
1324 2221 1377 2268 ex·

272 2317 389 2398 carpsit
414 2334 514 2396 usque
547 2317 587 2382 ad
622 2321 650 2394 9,
676 2321 693 2378 5
727 2315 853 2381 insertis
883 2321 990 2380 tamen
1017 2319 1045 2392 8,
1075 2317 1166 2391 2-8,
1194 2318 1212 2377 6
1240 2313 1377 2382 fortasse

272 2446 310 2492 ex
331 2426 503 2504 Quadrato.
547 2424 668 2491 Eadem
700 2424 782 2488 enim
815 2423 924 2504 inepta
957 2423 1099 2489 doctrina
1131 2423 1179 2488 his
1204 2423 1236 2487 in
1263 2423 1377 2504 capiti-

271 2536 330 2600 bus
363 2534 522 2599 inuenitur
556 2538 652 2612 atque
676 2533 708 2596 in
732 2531 890 2613 prioribus
923 2531 1078 2614 capitibus
1111 2529 1310 2614 (etrapit)
1344 2535 1377 2598 61

258 2646 299 2720 ,8,
324 2645 342 2704 6
372 2641 542 2722 »denique«
568 2641 724 2705 Graecum
747 2638 854 2722 prodit
876 2645 1049 2706 auctorem.

371 2752 447 2834 (lap.
469 2755 498 2831 9,
524 2754 542 2813 6
564 2750 725 2830 usquead
747 2747 841 2812 finem
867 2749 950 2816 vitae
972 2746 1084 2813 deinde
1105 2747 1261 2829 epistolae
1282 2766 1375 2815 sena·

270 2867 385 2942 tueque
411 2860 554 2926 consulta
583 2857 776 2940 afferuntur,
802 2877 882 2940 quae
913 2856 1028 2922 11161161
1060 2857 1199 2922 chlorio
1231 2857 1370 2924 Maximo

270 2968 386 3036 hausta
415 2975 512 3051 atque
534 2971 670 3052 genuina
692 2986 761 3034 esse
793 2965 923 3032 iudicat.
970 2964 1068 3032 Cuius
1087 2966 1278 3032 sententiam
1301 2983 1374 3048 pro·

270 3078 346 3144 bare
366 3097 496 3159 nequeo.
551 3078 629 3143 Cum
662 3077 743 3141 enim
774 3075 932 3141 Ozwalina
960 3073 1142 3141 certissimis
1176 3075 1373 3154 argumentis

270 3187 443 3254 ostenderit
466 3186 620 3268 epistulas
643 3190 778 3264 actaque
806 3189 938 3250 senatus
967 3183 1186 3249 commenticia
1205 3198 1284 3260 esse,
1308 3182 1371 3247 iam

269 3298 329 3363 hac
357 3297 424 3362 sola
448 3296 487 3361 de
511 3313 607 3361 eausa
637 3294 821 3360 indubium
849 3311 961 3360 vocare
991 3293 1152 3369 debemus,
1182 3311 1223 3356 au
1249 3289 1371 3356 Marius

269 3406 429 3472 Maximus
451 3406 508 3472 has
530 3406 683 3487 epistulas
705 3402 880 3470 tradiderit.
927 3401 988 3468 Sed
1010 3401 1132 3466 multae
1154 3417 1279 3484 quoque
1299 3416 1372 3480 gra·

270 3534 324 3582 ves
344 3533 460 3582 cousae
480 3516 598 3582 adsunt
629 3532 686 3580 cur
710 3513 810 3578 Mario
830 3510 968 3578 Maximo
1002 3509 1155 3592 epistulas
1188 3508 1370 3574 abiudicata

269 3624 449 3690 debeamus.
470 3621 590 3689 Marius
606 3621 766 3688 Maximus
781 3620 864 3686 onim
878 3619 989 3686 retulit
1004 3619 1149 3684 Marcum
1164 3635 1200 3683 66
1223 3622 1370 3698 tempore

1534 3974 1535 4032 l

1534 4459 1535 4500 l

269 3749 331 3812 quo
356 3732 468 3799 seditio
491 3735 562 3796 orta
583 3731 625 3794 sit
646 3748 708 3795 nou
729 3729 850 3794 1161666
872 3727 927 3792 sed
956 3728 987 3792 in
1009 3725 1181 3793 Germania
1201 3724 1297 3792 fuisse
1315 3725 1371 3790 vit.

268 4011 431 4067 dimicatum
450 4028 518 4066 osse.
553 4009 608 4064 Sed
623 4027 680 4065 non
699 4009 879 4080 intelligitur,
903 4023 954 4062 our
977 4003 1083 4062 Marius
1102 4001 1241 4058 Maximus
1261 4000 1306 4054 vit
1326 4000 1371 4054 Pii

268 4110 318 4172 5‚4
336 4107 370 4163 de
384 4107 572 4162 Sarmatarum
591 4123 660 4175 paca
677 4106 808 4172 tacuerit,
827 4108 856 4158 et
876 4119 926 4158 our
944 4118 1012 4172 paca
1030 4099 1194 4156 aSarmatis
1211 4096 1370 4168 6611161111-

267 4202 380 4258 toninns
398 4219 499 4259 nomon
517 4201 665 4258 Sarmatici
682 4218 738 4256 non
757 4201 811 4256 sibi
828 4197 967 4256 sumserit.

370 4299 394 4368 1)
412 4298 487 4365 Quas
504 4296 630 4354 falsarias
648 4313 708 4352 osae
727 4294 850 4350 ostendit
869 4292 1005 4348 Oaualina
1024 4292 1041 4346 1.
1054 4307 1078 4346 6.
1098 4289 1213 4344 aa-a‘e
