3078 5096
730 419 749 479 ὃ

191 615 232 661 ex
261 599 408 664 memoria
435 600 571 666 inseruit
594 605 641 681 14,
661 606 679 666 2
712 600 771 666 oab
797 601 981 667 Alexandro
1003 620 1043 667 ex
1065 605 1196 668 senatus
1216 620 1290 681 τοτ-ι

190 707 302 772 aaa«
347 707 441 773 ransc
462 708 639 775 nasaniae·
666 714 713 790 rc,
739 714 819 774 1-4
839 709 1019 776 Herodiano
1040 710 1239 777 abiudicavit.
1288 684 1298 715 ‘

284 814 363 880 Cum
386 823 483 898 caput
513 821 551 883 19
579 818 753 885 Herodiani
776 818 836 885 Vll
859 824 877 884 9
900 820 931 884 in
963 819 1058 886 breve
1087 818 1292 888 contraheret

192 922 387 1006 Capitolinus
409 926 531 992 addidit
556 931 664 992 tamen
687 927 728 993 ad
752 927 904 993 Punicam
926 927 1021 995 iidem
1051 928 1289 995 illustrandam:

194 1032 288 1114 oquin
314 1033 410 1099 immo
438 1033 607 1116 perfidiae«
635 1033 686 1117 (cf.
707 1035 864 1102 ritGord.
891 1039 938 1114 14,
965 1042 992 1102 1.
1018 1042 1066 1116 15,
1090 1042 1117 1102 1.
1140 1040 1177 1103 16
1201 1035 1235 1118 2)
1256 1040 1290 1103 et

192 1141 273 1207 male
292 1142 388 1208 vertit
406 1141 580 1208 Herodiani
601 1142 662 1208 VII
680 1147 708 1211 9.
734 1148 770 1208 11
794 1135 912 1228 ἀγρούς
931 1167 968 1209 τε
988 1143 1043 1210 καὶ
1062 1138 1176 1227 κώμας
1196 1142 1292 1227 ἐμπι-

190 1243 312 1332 πράναι
324 1249 491 1335 λεηλατεῖν
500 1273 536 1315 τε
557 1252 630 1328 τοῖς
648 1245 863 1335 στρατιώταις
884 1250 1065 1336 ἐπέτρεπεν
1085 1254 1117 1319 in
1140 1254 1292 1320 »donaria

190 1358 341 1426 militibus
363 1360 497 1426 divisit«

273 1467 352 1534 Cum
373 1469 437 1534 iam
456 1487 564 1536 omnes
588 1471 676 1537 vitae
699 1470 944 1537 Maximinorum
972 1471 1058 1538 locos
1087 1472 1290 1539 tractaverim

191 1594 267 1657 quos
295 1575 510 1660 Capitolinum
545 1598 584 1644 ex
613 1579 793 1646 Herodiano
825 1578 968 1645 hausisse
998 1579 1088 1659 duco,
1123 1584 1225 1646 restat
1255 1585 1292 1647 ut

191 1685 342 1752 disseram
365 1686 405 1751 de
430 1690 477 1761 13,
501 1691 591 1753 3-4.
646 1687 784 1754 »Pacata
814 1686 984 1754 Germania
1014 1686 1163 1754 Sirmium
1196 1688 1290 1768 venit,

190 1794 342 1861 Sarmatis
363 1795 482 1862 inferre
503 1795 628 1862 bellum·
644 1813 761 1877 parans
782 1800 879 1879 atque
900 1795 1006 1862 animo
1025 1797 1213 1879 concupiens
1236 1815 1290 1864 us-

190 1921 252 1984 que
270 1906 310 1970 ad
333 1904 493 1970 Oceanum
523 1907 786 1988 septentrionales
806 1911 916 1989 partes
947 1906 980 1970 in
1000 1905 1175 1972 Romanam
1197 1904 1293 1972 ditio-

188 2031 260 2078 nem
279 2012 439 2096 redigere3
462 2014 546 2093 quod
567 2012 705 2095 fecisset,
728 2015 755 2081 si
777 2013 909 2082 uixisset
931 2018 967 2079 ut
980 2013 1181 2080 Herodianus
1204 2013 1291 2097 dicit,

190 2120 329 2188 Graecus
351 2122 494 2204 scriptor,
526 2124 580 2202 qui
611 2123 648 2201 ei,
678 2128 833 2204 quantum
858 2122 1013 2203 videmus,
1035 2126 1068 2188 iu
1088 2122 1194 2188 odium
1217 2121 1289 2188 Ale

187 2230 296 2295 nandri
319 2231 490 2312 plurimum
511 2229 619 2296 iavit«
644 2229 845 2296 Herodianus
863 2229 920 2295 VH
942 2235 960 2295 2
983 2231 1067 2296 enim
1090 2235 1201 2296 narrat
1222 2229 1290 2294 Ma·

186 2337 337 2402 niminum
354 2337 458 2404 Sirmii
477 2340 510 2404 iu
527 2337 684 2405 Paeoniae
699 2338 777 2404 urbe
790 2339 930 2404 maxima
944 2337 1100 2405 hiemasse
1112 2337 1289 2405 Germanos

188 2464 288 2527 usque
310 2449 350 2512 ad
372 2446 533 2513 Oceanum
552 2447 766 2513 subacturum.
797 2445 866 2524 Quo
889 2449 957 2514 loco
978 2448 1095 2514 levitas
1117 2451 1215 2527 atque
1234 2447 1289 2512 im·

186 2556 299 2636 peritia
312 2556 617 2639 Herodianioptime
632 2556 841 2636 cognoscitur,
854 2574 925 2622 oum
948 2555 1097 2622 Sirmium
1119 2558 1290 2622 maximam

187 2665 387 2731 Paeoniae
412 2665 521 2731 urbem
543 2683 613 2732 τττε
634 2671 667 2731 et
689 2664 900 2730 Maximinum
922 2664 1029 2730 Sirmii
1048 2664 1290 2731 bellumcontra

187 2773 362 2840 Germanos
391 2792 521 2857 parasse
549 2774 644 2841 dicat.
697 2772 787 2851 Quae
809 2773 893 2840 laisa
921 2773 1093 2855 ineptaque
1114 2772 1291 2840 Herodiani

186 2884 389 2964 corriguntur
410 2881 626 2966 aOapitolino
649 2887 727 2965 13,3
750 2901 821 2949 cum
836 2884 931 2962 dieat,
947 2882 1157 2948 Maximinum
1178 2889 1291 2950 contra

188 2991 350 3057 Sarmatas
372 2990 491 3056 bellum
523 3009 653 3074 parasse
683 2996 779 3073 atque
805 2989 933 3058 omittat
959 2989 1108 3056 Sirmium
1130 2990 1288 3057 Paeoniae

187 3117 255 3166 ττττ
274 3099 394 3164 urbem.
409 3099 604 3182 Capitolinus
616 3105 723 3168 autem
739 3103 885 3167 auctores
906 3105 974 3166 tam
996 3101 1213 3182 imprudenter
1235 3118 1288 3167 ex·

187 3211 313 3292 carpsit,
331 3226 427 3289 seque
442 3214 509 3275 tam
530 3210 713 3293 imperitum
732 3210 931 3292 stultumque
944 3212 1106 3274 auctorem
1119 3209 1288 3293 praestitit,

186 3322 224 3385 ut
244 3318 481 3400 perversissima
501 3336 646 3400 quaeque
668 3323 701 3384 et
722 3318 805 3383 inter
827 3336 861 3384 τε
889 3318 1101 3399 discrepantia
1122 3318 1289 3384 transscri-

185 3427 284 3493 beret.
306 3425 419 3509 Itaque
437 3426 651 3509 Capitolinum
671 3428 776 3508 ipsum
793 3427 1009 3494 Herodianum
1031 3445 1093 3493 non
1116 3427 1289 3494 correxisse

186 3537 275 3617 duco,
299 3535 354 3602 sed
376 3541 479 3602 toturn
501 3536 585 3601 hunc
603 3537 706 3602 locum
726 3537 789 3601 alio
811 3555 850 3603 ex
871 3541 1000 3602 auctore
1014 3536 1168 3602 hausisse.
1211 3535 1288 3601 lnde

186 3649 320 3726 apparet
354 3643 558 3725 scriptoribus
587 3644 836 3724 haudquaquam
865 3643 959 3710 iidem
998 3661 1067 3710 εττε
1099 3641 1290 3725 habendam,

185 3771 236 3818 eos
251 3769 459 3834 quaecunque
481 3752 578 3817 libros
601 3754 652 3817 vel
666 3757 737 3818 acta
752 3753 851 3818 citent
867 3753 951 3836 ipsos
966 3751 1149 3835 inspexisse,
1163 3750 1287 3818 etiamsi

183 3861 223 3927 iis
244 3866 371 3944 praesto
393 3861 511 3928 fuerint
526 3859 557 3943 ¹).

184 4039 382 4051 -ι--ι-ι

287 4104 313 4175 1)
331 4104 419 4159 Iulius
439 4103 569 4158 Brunner
588 4103 637 4172 qui
660 4102 695 4157 dc
714 4101 834 4170 vopisco
853 4097 988 4155 disseruit
1005 4101 1080 4171 apud
1097 4098 1242 4173 Biadinger
1261 4103 1288 4158 ll

186 4203 288 4254 1—111
310 4199 431 4256 credidit
449 4214 544 4254 omnes
568 4196 701 4268 epistolas
719 4197 887 4265 senatusque
905 4196 1033 4252 consulta
1048 4212 1065 4249 a
1082 4194 1203 4266 Vopiaco
1221 4200 1287 4252 tra·

183 4296 242 4356 oica
259 4298 380 4374 genuina
393 4301 477 4372 atque
498 4313 533 4350 ox
550 4296 619 4368 ipsis
638 4293 712 4352 actis
729 4293 830 4350 hausta
848 4310 917 4361 asse,
937 4292 1015 4348 euius
1034 4291 1203 4349 sententiam
1220 4309 1287 4366 pro·
