3078 5096
705 439 743 500 53

176 621 253 682 esse,
277 604 399 670 Iuliano
422 605 461 670 oh
481 604 513 668 id
535 605 703 687 praecipue
735 603 900 686 imperium
923 621 993 668 esse
1014 604 1167 682 delatum,
1189 608 1274 686 quod

176 713 367 796 praetoriani
401 715 560 792 timerent,
589 731 675 778 nea
707 712 888 794 Sulpiciano
916 714 955 778 ob
985 713 1146 780 Commodi
1167 732 1276 782 necem

176 823 375 904 punirentur.
427 822 540 904 Itaque
576 822 821 904 haudquaquam
843 827 921 904 puto
952 823 985 888 in
1019 823 1132 888 Iuliani
1170 823 1277 890 odium

176 931 342 997 mentitum
368 949 435 996 esse
455 931 587 998 Diouem
616 932 666 996 oui
686 930 720 996 in
740 930 874 996 historia
895 931 989 998 huius
1011 933 1162 1015 temporis
1182 951 1274 999 anar-

176 1040 276 1106 randa
295 1057 389 1121 qnam
412 1041 554 1106 maxima
576 1039 655 1106 fides
676 1044 725 1106 est
747 1039 902 1108 habenda.

686 1248 713 1328 1.
736 1251 764 1312 6.

631 1416 695 1476 lito
715 1413 817 1477 155551.

272 1591 347 1656 Vita
362 1590 468 1657 Severi
487 1609 506 1656 a
522 1590 692 1672 Spartiano
716 1591 835 1672 scripta
850 1591 983 1657 eundem
999 1590 1031 1654 in
1048 1590 1177 1656 modum
1191 1596 1274 1658 eom·
1300 1609 1424 1653 unimus.

174 1700 274 1781 pilata
297 1704 345 1765 est
366 1700 552 1780 atquae-vita
575 1699 759 1766 Pertinacis.
804 1699 900 1765 Nullo
921 1700 989 1764 loco
1010 1697 1101 1764 video
1125 1703 1274 1783 excerpta

173 1808 292 1874 inserta
325 1809 375 1874 vel
404 1808 521 1875 collata
542 1827 626 1889 esse,
647 1825 731 1888 quae
758 1808 789 1872 in
811 1807 884 1872 vitis
906 1827 925 1872 a
948 1806 1125 1889 Capitolino
1148 1807 1275 1889 scriptis

171 1918 323 2000 pleraque
344 1917 532 1983 invenimus.
553 1917 621 1983 Iam
636 1917 773 1982 Dirksen
794 1915 818 1997 ¹)
842 1917 941 1982 vitam
957 1915 1063 1983 Severi
1085 1935 1154 1998 cap.
1173 1920 1273 1981 1-19

171 2026 370 2108 potissimum
396 2025 527 2093 eMario
536 2025 676 2092 Maximo
688 2025 816 2093 fluxisse
830 2025 990 2092 iudicavit.
1007 2026 1177 2109 Dispositio
1190 2025 1275 2092 vitae

171 2136 279 2203 Severi
301 2136 419 2202 eadem
442 2140 492 2204 est
516 2136 650 2217 quaein
673 2136 786 2202 ceteris
810 2154 827 2200 e
852 2135 953 2201 Mario
975 2134 1115 2202 Maximo
1130 2133 1274 2200 haustis:

46 2267 52 2282 ’
177 2245 208 2328 1)
228 2245 350 2311 familia
374 2251 401 2326 1,
426 2251 521 2324 1-3,
560 2247 592 2328 2)
617 2244 761 2312 educatio
789 2249 816 2326 l,
840 2249 932 2325 4—5,
965 2244 998 2326 3)
1027 2245 1134 2310 omino
1153 2244 1276 2326 imperii

174 2355 200 2431 1,
217 2355 328 2430 5-10,
364 2355 397 2426 4)
419 2369 553 2418 munera
582 2350 709 2434 publiea
740 2355 831 2432 2-5‚
863 2349 896 2432 5)
923 2351 1096 2432 primordio
1127 2353 1216 2436 regni
1249 2370 1276 2420 5.

173 2463 263 2542 5-8,
278 2463 315 2540 ’5,
349 2461 382 2542 6)
405 2461 491 2526 bella
518 2479 590 2528 oum
613 2459 713 2543 Nigro
735 2459 911 2542 Albinaque
940 2465 1032 2544 gesta
1054 2464 1082 2542 8,
1106 2465 1219 2541 6-12,
1242 2466 1274 2541 7)

171 2569 275 2637 edicta
294 2571 452 2653 legesque,
474 2569 701 2653 quasSeverus
723 2569 822 2636 edidit
845 2570 885 2635 ad
901 2569 1069 2653 imperium
1089 2569 1275 2638 confirmau-

173 2680 248 2746 dum
266 2684 405 2758 13-14,
429 2679 463 2762 8)
483 2679 601 2746 bellum
622 2679 809 2746 Parthicum
829 2678 1043 2762 proleotioque
1064 2679 1095 2743 in
1115 2678 1276 2746 Orientem

176 2791 306 2865 15-17,
329 2794 359 2870 4,
392 2785 425 2873 9)
451 2787 684 2856 adruinistratio
714 2788 924 2869 reipublicae
953 2805 1119 2870 moresque
1140 2788 1275 2869 impera·

173 2897 251 2964 toris
277 2901 324 2976 17,
350 2901 461 2978 5-18,
487 2896 644 2979 tolmone
674 2898 873 2980 imperatoris
899 2901 947 2977 19,
974 2901 1064 2979 1-4,
1090 2897 1271 2979 mopere,

171 3023 253 3088 quae
279 3007 408 3088 reliquit
432 3012 479 3085 19,
506 3010 597 3072 5-6.
656 3005 744 3084 Quae
774 3007 880 3089 eapite
908 3005 1042 3073 eundem
1078 3005 1111 3071 iu
1143 3005 1273 3070 modum

172 3116 326 3197 disposita
354 3119 450 3197 atque
479 3116 511 3181 in
542 3117 608 3181 rita
629 3114 729 3182 Marci
763 3114 988 3196 Gommodique
1020 3114 1087 3180 iere
1118 3112 1224 3180 omnia
1254 3132 1273 3180 5

171 3225 274 3293 Mario
290 3225 429 3290 Maximo
455 3225 572 3290 hausta
588 3223 745 3290 essedum
759 3240 822 3288 uno
847 3226 973 3289 tautum
998 3227 1140 3306 exeepto,
1162 3225 1271 3304 nupt.

272 3334 349 3400 Cum
373 3353 441 3414 cap.
457 3338 470 3396 1
486 3337 548 3398 513
563 3332 751 3415 Spartianus
762 3337 923 3399 auctorem
943 3334 1131 3412 secutussit
1152 3331 1205 3414 qui
1218 3330 1272 3398 Se-
1311 3353 1409 3398 eoram

172 3461 247 3509 varo
268 3442 516 3523 haudquaquam
561 3442 706 3508 iuimicus
726 3441 795 3521 fuit,
818 3459 886 3524 cap.
913 3445 931 3506 2
953 3440 1061 3523 incipit
1084 3441 1271 3508 uluveutam

169 3553 296 3634 plenam
317 3549 470 3631 furorum,
491 3568 717 3632 nonnunquam
742 3556 775 3616 et
787 3550 952 3616 eriminum
973 3549 1116 3629 habuit«
1140 3567 1224 3632 qnae
1249 3567 1269 3616 a

173 3659 266 3726 Marii
281 3659 412 3726 Maximi
427 3660 581 3727 scribendi
600 3660 723 3726 ratione
738 3659 919 3726 abhorrent.
963 3658 1094 3742 Semper
1115 3660 1196 3725 enim
1219 3677 1272 3726 res

173 3773 282 3850 gastau
315 3769 401 3852 ipsas
434 3768 546 3836 attulit
567 3769 688 3834 Marius
710 3767 869 3834 Maximus
902 3787 960 3836 nee
982 3768 1085 3836 uerbis
1113 3773 1271 3851 5515555,

172 4035 219 4086 tor
239 4031 341 4097 omisit,
364 4035 457 4086 tamen
478 4031 591 4086 evidens
604 4034 655 4096 est,
675 4029 863 4100 Sulpicianum
883 4047 991 4100 quoque
1009 4029 1154 4102 pecuniam
1169 4029 1271 4098 promi·

172 4127 250 4195 sisse,
268 4144 348 4181 nemo
366 4126 439 4181 enim
459 4128 513 4182 isto
525 4131 652 4196 tempore
670 4127 824 4197 imperator
841 4125 931 4182 faetus
950 4131 994 4181 est
1011 4127 1067 4181 nisi
1085 4123 1272 4194 praetorianis

172 4222 361 4294 militibusque
381 4223 544 4279 donativum
562 4224 745 4293 promisisset.

272 4339 298 4406 1)
319 4336 350 4394 Ιι.
370 4355 392 4394 o.
410 4356 439 4412 p.
451 4340 487 4396 60
505 4338 539 4397 of.
559 4339 660 4396 Miller
678 4339 695 4396 1.
713 4356 737 4395 o.
756 4357 782 4410 p.
798 4336 918 4396 76-87.
