3078 5096
679 427 718 488 61

148 615 321 692 antequam
343 610 384 674 ad
407 609 491 674 vitas
512 607 692 674 scribendas
713 606 950 690 aggrederetur.
973 608 1095 673 Deinde
1111 607 1246 674 Marium

150 717 327 783 Maximum
347 722 381 783 et
394 715 519 781 Aelium
541 715 667 782 Iunium
676 713 814 780 Cordum
835 715 1018 796 epitomavit
1042 723 1074 781 et
1097 723 1249 799 excerpta

147 833 205 892 aut
225 827 307 892 inter
324 824 417 890 Marii
439 823 569 890 Maximi
593 826 688 891 uerba
711 825 844 890 inseruit
864 832 921 890 aut
941 825 1065 906 singula
1088 826 1121 890 in
1143 827 1249 910 capita

148 937 293 1001 contulit
326 933 427 1011 Quam
451 935 578 1016 quidem
600 953 710 1000 curam
736 932 924 1015 Spartianus
946 934 1072 1000 minima
1097 934 1248 1017 adhibuit,

149 1044 206 1110 sed
229 1041 269 1110 iis
292 1044 324 1107 in
346 1042 418 1109 uitis
440 1043 553 1123 quibus
576 1042 697 1109 Marius
719 1043 880 1108 Maximus
901 1043 929 1108 oi
950 1033 1077 1124 praesto
1099 1043 1160 1109 init
1182 1045 1250 1111 Ma·

147 1154 233 1220 rium
254 1153 429 1220 Maximum
451 1152 650 1233 Cordumqne
671 1154 864 1234 epitomavit.
901 1153 1045 1233 Uterque
1065 1158 1158 1220 tanta
1179 1173 1250 1218 cum

151 1263 342 1345 negligentia
365 1263 449 1344 vitas
469 1259 626 1341 conflavit,
649 1268 685 1326 ut
700 1260 800 1325 multa
822 1261 905 1326 inter
924 1277 958 1326 se
981 1261 1195 1342 discrepantia
1211 1281 1250 1326 ex

152 1371 333 1438 auctoribus
347 1373 414 1438 suis
435 1369 623 1436 transferret
644 1375 677 1440 et
691 1375 757 1436 tam
778 1369 948 1436 illiteratus
969 1367 1030 1435 fuit
1050 1373 1086 1432 ut
1100 1388 1141 1436 ne
1156 1370 1251 1436 verba

151 1482 278 1562 quidem
300 1480 529 1562 verborumque
558 1480 807 1547 constructiones
829 1474 964 1543 forrtium
989 1496 1117 1544 snorum
1138 1479 1251 1544 immu-

152 1596 222 1656 tare
253 1597 369 1672 posset.
419 1589 482 1656 Sed
511 1596 641 1673 propter
667 1590 699 1655 id
726 1589 843 1670 ipsum,
877 1587 962 1667 quod
991 1585 1186 1667 Capitolinus
1220 1593 1253 1653 et

152 1699 340 1783 Spartianus
367 1705 434 1765 tam
465 1701 564 1764 stulte
592 1704 624 1764 et
652 1700 758 1779 inepte
788 1698 872 1762 vitas
898 1695 1085 1776 conflarunt,
1117 1695 1254 1765 facultas

152 1807 242 1875 nobis
265 1807 342 1874 data
364 1812 421 1888 est,
443 1806 630 1872 diiudicandi
653 1824 736 1887 qnae
755 1824 772 1870 e
794 1806 896 1872 Mario
918 1806 1056 1872 Maximo
1079 1806 1251 1872 hauserint.

254 1915 448 1999 Capitolinus
469 1921 502 1982 et
525 1916 714 1997 Spartianus
740 1935 802 1981 uno
823 1915 996 1995 codemque
1017 1919 1158 1998 tempore
1179 1915 1252 1980 scri·

153 2029 284 2107 pserunt
303 2026 449 2106 vitasque
469 2043 544 2092 suas
564 2026 605 2091 ad
626 2025 859 2090 Diocletianum
882 2031 914 2089 et
935 2024 1175 2091 Corrstantinum
1197 2024 1253 2087 mi·

153 2139 273 2201 serunt.
310 2135 404 2200 Vitae
425 2152 535 2200 eorum
556 2135 589 2198 in
611 2133 769 2200 codicibus
791 2134 962 2198 secundum
983 2139 1109 2215 tempus
1130 2133 1253 2199 ordina·

152 2249 207 2309 tae
228 2247 313 2324 sunt,
336 2260 399 2324 quo
419 2243 460 2308 ad
481 2243 688 2324 imperatores
711 2245 827 2310 missae
851 2251 936 2309 sunt.

254 2351 445 2433 Diligentius
465 2350 635 2432 Spartiano
657 2356 690 2418 et
709 2349 886 2434 Capitolino
908 2351 1108 2432 Lampridius
1128 2351 1255 2434 scripsit

153 2461 207 2542 qui
229 2460 444 2542 compluribus
470 2461 652 2528 auctoribus
674 2480 750 2528 usus
765 2461 799 2544 ¹),
823 2462 950 2542 saepius
974 2460 1096 2527 studuit
1116 2462 1253 2526 diverso-

154 2585 225 2634 rum
255 2575 415 2634 auctorem
438 2570 669 2650 discrepantias
690 2570 804 2635 tollere
826 2575 923 2651 atque
949 2565 1149 2633 confundere.
1194 2567 1255 2634 Sed

153 2674 397 2743 Constantinum
420 2676 570 2743 adulatus
592 2677 834 2744 insolentissime
857 2676 1010 2742 mentitus
1032 2683 1091 2742 est.

254 2784 376 2852 Cordus
389 2788 424 2866 2),
446 2786 501 2866 qui
522 2790 595 2868 post
609 2804 727 2852 annum
750 2789 811 2850 244
832 2785 1059 2866 imperatorum
1077 2789 1160 2852 vitas
1180 2785 1254 2852 scri·

153 2895 218 2977 psit
244 2893 372 2959 videtur
393 2891 531 2958 Marium
552 2893 726 2958 Maximum
761 2893 904 2962 imitatus
936 2892 1121 2960 Suetonium
1158 2895 1255 2959 conti·

149 3007 307 3082 nuasseil.
329 3002 372 3068 Et
393 3002 528 3068 Marium
543 3001 718 3068 Maximum
742 3002 1020 3085 Herodianumqne
1042 3004 1256 3084 exaggeravit.

154 3113 358 3195 exornavit⁴)
389 3117 421 3178 et
449 3113 489 3178 ad
519 3110 656 3179 Marium
684 3113 859 3178 Maximum
890 3112 1095 3180 refutandum
1124 3113 1255 3177 insolen-

156 3222 278 3288 tissime
301 3222 452 3288 mentitus
474 3219 573 3305 cstl).
615 3222 788 3288 Praeterea
811 3223 936 3304 ineptas
958 3222 1051 3288 finxit
1072 3220 1196 3288 fabulas
1218 3223 1257 3286 de

155 3328 288 3412 singulis
308 3329 553 3412 imperatoribus
576 3336 609 3396 et
634 3331 806 3398 ementitus
832 3339 891 3413 est,
915 3337 992 3413 quot
1013 3337 1117 3397 vestes
1140 3330 1256 3396 habue-

155 3437 230 3522 rint,
255 3437 379 3520 quando
399 3440 622 3521 processerint,
645 3439 754 3520 qualia
776 3442 919 3508 convivia
940 3439 1059 3506 fuerint
1080 3446 1139 3506 etc.

265 3567 292 3651 1)
313 3581 387 3634 ona
405 3577 582 3650 Lampridius
601 3582 722 3638 torrium
740 3581 874 3639 Urbicum
893 3584 942 3639 vn.
963 3585 1043 3638 nias.
1063 3586 1087 3652 a,
1107 3586 1132 3637 a.
1159 3584 1259 3639 uncor-

155 3677 231 3746 pium
250 3677 301 3733 vit.
320 3677 364 3733 Al.
384 3677 444 3732 Seu.
460 3681 540 3746 11,1.
561 3683 604 3746 48,
618 3683 642 3736 7.
660 3681 826 3753 Septimium
844 3683 882 3740 ib.
904 3684 945 3747 17,
959 3687 984 3736 2.
1003 3685 1047 3746 48,
1060 3685 1084 3736 7.
1104 3680 1259 3751 Gargilium

154 3773 191 3828 ib.
213 3775 256 3841 30,
274 3775 300 3828 9.
337 3775 496 3847 Dexippum
519 3776 564 3839 49,
584 3779 608 3832 3.
629 3779 654 3832 ὅ.
697 3776 846 3832 Acholium
870 3780 907 3833 ib.
929 3780 972 3842 48,
989 3781 1012 3832 7.
1034 3778 1078 3840 64,
1096 3778 1121 3840 ὅ,
1140 3776 1259 3831 Fabium

155 3867 357 3936 Marcellinum,
375 3872 521 3926 Aurelium
538 3871 650 3940 Verum,
669 3872 792 3930 Statium
810 3875 958 3931 Valentem
975 3876 1019 3938 48,
1039 3875 1064 3927 6.

258 3966 286 4036 2)
302 3966 412 4022 (litatur
430 3969 490 4024 eius
509 3966 567 4020 vita
587 3965 724 4023 Gordiani
743 3965 784 4020 111
803 3967 852 4021 vit.
873 3967 957 4022 Gord.
979 3969 1022 4032 31,
1042 3969 1067 4022 6,

253 4064 283 4132 3)
304 4063 360 4120 Vit.
379 4065 466 4121 Maon.
489 4067 512 4130 1,
533 4065 550 4117 a
570 4067 675 4120 citatur
693 4063 807 4118 Traiani
825 4066 892 4120 vita.

253 4162 282 4232 4)
302 4160 342 4215 01.
373 4179 444 4230 qnae
471 4161 667 4217 adnotavimus
686 4159 723 4216 ad
742 4163 789 4216 vit.
812 4161 856 4215 Pii
868 4164 894 4228 2,
905 4165 929 4217 6.
949 4161 1166 4226 Marci17,3os.
1185 4161 1260 4217 Com.

160 4259 202 4312 18.
221 4257 313 4313 Seuer.
332 4260 356 4312 2.
377 4259 426 4313 vit.
446 4257 543 4313 Albini
562 4263 578 4312 7
598 4265 650 4315 etc.

255 4354 283 4424 5)
303 4354 344 4411 01.
363 4354 411 4411 vit.
431 4353 510 4410 Part.
532 4356 574 4411 12.
596 4356 697 4412 Iuliani
716 4370 740 4410 c.
761 4357 779 4409 4
797 4359 826 4410 at
845 4357 871 4410 9.
