3078 5096
260 1454 307 1521 De
326 1453 467 1522 fontibus
487 1455 676 1536 scriptorum
698 1453 852 1521 historiae
875 1452 1040 1536 Augustae
1063 1453 1137 1519 inde
1159 1471 1178 1518 a
1199 1452 1265 1518 Ha-

156 1563 260 1629 driani
281 1581 382 1644 usque
403 1565 443 1630 ad
465 1564 662 1646 Heliogabali
684 1564 784 1629 vitam
803 1565 946 1646 quaestio
970 1562 1046 1629 mihi
1066 1562 1265 1628 instituenda

157 1676 217 1737 cst.
264 1671 349 1748 Quos
371 1676 446 1736 anta
472 1689 523 1736 me
552 1672 582 1736 in
606 1673 821 1752 quaestionem
855 1675 1050 1736 vocaverunt
1075 1671 1211 1736 Dirksen
1224 1670 1260 1754 ¹),

156 1778 328 1862 Krause2),
353 1778 517 1864 Miilleri).
572 1780 713 1858 Quorum
735 1799 833 1846 unum
864 1781 998 1862 quidem,
1028 1779 1161 1858 Krause,
1196 1779 1259 1843 iarn

157 1889 306 1954 omittere
325 1907 504 1970 possumus,
530 1890 584 1970 qui
605 1888 683 1954 nihil
703 1888 770 1957 fere
793 1889 904 1954 attulit
924 1888 984 1954 uisi
1005 1888 1131 1954 nomina
1154 1891 1261 1953 aucto·

158 2015 241 2075 runr,
258 2013 338 2076 quos
352 1997 521 2078 scriptores
534 1998 686 2064 historiae
698 2001 863 2080 Augustae
879 1999 986 2064 citant.
1010 1995 1109 2074 Alter,
1126 1994 1262 2062 Dirksen

158 2105 278 2186 optime
299 2105 426 2184 quidem
450 2105 488 2169 de
510 2106 632 2171 ratione
649 2105 805 2184 disseruit,
822 2125 886 2186 qua
908 2106 1051 2186 singulae
1073 2106 1158 2170 vitae
1179 2121 1264 2170 com-

157 2214 282 2295 positae
311 2214 383 2291 sint,
413 2231 517 2294 neque
546 2219 656 2280 tamen
684 2214 885 2294 diiudicarit,
926 2213 1002 2294 quid
1035 2213 1147 2294 cuique
1180 2211 1259 2277 sonti

158 2321 361 2388 tribuendum
379 2322 431 2387 sit.
463 2321 586 2400 Mitller,
603 2324 657 2403 qui
672 2341 774 2404 nuper
794 2323 833 2388 de
847 2322 907 2388 hac
928 2342 963 2388 re
983 2321 1140 2398 disseruit,
1167 2320 1263 2400 scrip-

159 2441 249 2499 tores
270 2434 302 2498 in
325 2436 400 2500 vitis
420 2436 560 2516 priorum
583 2435 812 2518 imperatorum
834 2434 1047 2501 describendis
1069 2435 1171 2500 solum
1196 2431 1264 2498 tere

158 2541 296 2607 Marium
317 2542 490 2608 Maximum
517 2550 643 2610 secutos
665 2561 743 2626 esse,
765 2544 997 2609 demonstrasse
1016 2543 1074 2608 sibi
1096 2542 1181 2607 visus
1203 2546 1261 2607 est.

160 2647 259 2714 Cuius
273 2651 465 2716 sententiam
489 2669 561 2716 cum
581 2651 716 2734 probare
736 2669 798 2716 non
820 2651 947 2732 possim,
967 2650 1187 2716 demonstrare
1209 2666 1260 2715 co·

158 2756 268 2838 nabor,
290 2758 460 2840 scriptores
480 2759 652 2824 maximam
683 2759 810 2838 quidem
841 2764 966 2840 partem
998 2757 1135 2822 Marium
1160 2756 1260 2822 Maxi-

159 2883 245 2929 mum
268 2868 472 2948 excerpsisse,
495 2866 550 2933 sed
574 2867 699 2933 invitis
721 2884 801 2947 quas
823 2867 1018 2949 scripserunt
1040 2867 1111 2932 aliis
1134 2881 1260 2946 quoque

160 2992 200 3037 ex
222 2973 403 3041 auctoribus
426 2976 583 3055 quaedam
604 2976 784 3042 inseruisse.

263 3080 324 3146 Sed
348 3086 518 3166 autequam
541 3082 582 3149 ad
605 3081 687 3150 hanc
716 3085 935 3164 quaestionem
956 3080 1134 3164 aggrediar,
1156 3080 1196 3147 de
1216 3102 1268 3148 ra-

160 3190 246 3255 tione
267 3207 330 3270 qua
351 3190 519 3272 scriptores
540 3193 593 3258 isti
608 3199 753 3258 auctores
776 3211 849 3258 suos
867 3192 1085 3271 excerpserint
1108 3194 1142 3255 et
1164 3191 1262 3272 epito-

160 3299 316 3363 maverint
339 3298 495 3364 disseram
516 3300 707 3382 comparatis
729 3299 907 3380 Capitolino
939 3305 972 3364 et
991 3297 1180 3376 Herodiano,
1213 3299 1268 3379 qui

161 3406 247 3472 solus
262 3406 368 3473 adhuc
378 3411 485 3472 exstat
496 3408 532 3473 iis
546 3427 586 3474 ex
599 3409 792 3488 auctoribus,
805 3408 919 3489 quibus
932 3408 1103 3490 scriptores
1115 3406 1267 3476 historiae

234 3635 260 3706 l)
280 3633 333 3688 Die
351 3634 502 3704 scriptores
522 3634 656 3689 historiae
676 3634 829 3706 Augustae.
855 3634 1061 3704 Andeutungen
1080 3650 1131 3686 aur
1150 3631 1265 3686 Textes·

159 3731 248 3785 krittk
268 3730 325 3786 und
340 3731 505 3802 Auslegung
524 3731 671 3786 dcrselben
689 3749 744 3786 von
761 3732 795 3785 H.
813 3730 847 3786 Ε.
865 3730 993 3785 Dirksen.
1012 3729 1129 3799 Leipzig
1148 3731 1227 3786 1842.

261 3828 288 3898 2)
310 3827 474 3898 Programm
494 3827 543 3881 des
560 3826 692 3881 fdrstlich
709 3826 906 3897 hedwigschen
925 3826 1118 3893 Gymnasiums
1136 3843 1170 3878 au
1189 3824 1266 3880 Neu·

160 3924 260 3981 stettin
279 3925 356 3980 1857.
387 3923 421 3980 A.
439 3923 558 3978 Krause:
584 3922 618 3976 de
641 3921 766 3978 fontibus
792 3927 820 3976 et
842 3921 1012 3977 auctoritate
1036 3923 1206 3990 scriptorum
1223 3919 1266 3976 hi·

160 4021 264 4078 sturiae
283 4020 436 4091 Augustae.

232 4119 259 4186 3)
277 4117 352 4187 apud
366 4117 564 4186 deinger:
582 4115 836 4185 Untersuchungen
848 4133 898 4168 zur
909 4114 1177 4184 Kaisergeschichte.
1198 4117 1267 4168 tom.

159 4214 209 4279 111,
227 4231 256 4283 p.
267 4215 397 4270 17-202.
417 4213 481 4268 Joh.
494 4211 553 4268 Jaa
570 4211 689 4267 Mdller:
707 4211 765 4266 Der
784 4211 1092 4267 Geschichtsschrcibar
1109 4209 1140 4265 L.
1160 4209 1266 4264 Marius

157 4310 308 4366 Maximus.

932 4484 937 4497 Ι
1045 4403 1059 4458 1
