3078 5096
763 399 803 457 54

241 581 363 665 qualia:
397 597 638 660 »nonnunquam
672 583 703 644 et
725 579 919 643 crirninuma
974 577 1124 642 AMario
1145 577 1284 666 Maximo
1307 597 1344 642 ea

242 707 367 772 quoque
391 690 561 754 abhorrent
593 706 675 770 quae
695 688 806 754 deinde
836 691 1012 768 sequuntur
1040 687 1223 752 »absolutus
1254 689 1344 752 esta

241 797 364 864 Iuliano
387 797 582 880 proconsule,
614 798 664 860 cui
686 801 718 861 et
753 798 784 860 in
812 796 1038 877 proconsulatu
1070 795 1220 860 successit
1247 801 1279 859 et
1312 796 1344 860 in

243 907 410 972 consulatu
441 905 561 984 collega
597 905 657 970 fuit
688 909 719 970 et
741 907 774 971 iu
805 905 934 987 imperio
958 907 1031 970 item
1055 905 1231 970 successit«
1277 903 1343 969 Ma-

242 1016 309 1080 rius
322 1013 481 1079 Maximus
494 1014 576 1078 enim
601 1015 719 1095 retulit,
742 1014 902 1101 lulianum
920 1033 991 1079 cum
1002 1012 1168 1078 Pertinace
1182 1014 1342 1079 consulem

242 1123 339 1190 fuisse
365 1127 397 1188 et
418 1122 577 1188 Pertinaci
600 1124 633 1187 in
654 1125 879 1204 proconsulatu
903 1123 1093 1188 successisse
1116 1122 1182 1204 (vit.
1197 1123 1258 1188 lul.
1281 1127 1345 1203 2,3

244 1231 330 1297 Pert.
348 1235 395 1313 14,
412 1231 455 1312 5),
479 1229 633 1295 Severum
655 1232 760 1294 autem
782 1229 920 1310 primum
941 1231 1137 1294 consulatum
1164 1247 1232 1293 curn
1258 1228 1345 1310 Apu·

242 1341 304 1406 leio
325 1338 438 1404 Rufino
461 1339 561 1420 egisse
587 1339 642 1402 vit.
665 1337 733 1403 Seu.
759 1342 787 1416 4,
811 1337 851 1420 5).
908 1337 1021 1418 ltaque
1044 1337 1164 1403 Marius
1189 1337 1346 1402 Maximus

243 1468 306 1514 nou
326 1448 445 1527 retulit,
469 1447 626 1512 lulianum
647 1464 717 1510 carm
735 1445 850 1510 Severo
866 1445 1025 1510 consulem
1047 1443 1148 1512 fuisse
1172 1451 1204 1510 et
1223 1451 1342 1524 auctor,

246 1578 339 1642 quem
352 1559 540 1640 Spartianus
560 1557 610 1621 hic
634 1555 778 1636 sequitur
802 1557 932 1620 eandem
958 1555 1124 1634 rationem,
1147 1573 1242 1635 quam
1264 1554 1348 1621 inter

243 1667 444 1733 Pertinacem
466 1666 689 1745 lulianumque
721 1663 915 1729 intercedere
944 1665 1083 1729 eMario
1107 1663 1247 1728 Maximo
1269 1663 1346 1729 didi-

246 1779 287 1842 cit
309 1779 350 1842 ad
371 1776 528 1841 Iulianum
551 1773 771 1856 Severumque'
786 1773 961 1838 transtulit.
986 1773 1140 1853 Suspecta
1161 1792 1198 1838 ea
1223 1790 1347 1853 quoque

248 1903 329 1967 quae
340 1889 515 1965 sequuntur
529 1907 534 1948 :
550 1888 772 1964 »quaesturam
786 1883 953 1964 diligenter
969 1883 1159 1963 egitomisso
1172 1867 1348 1948 'tribunatu

246 1995 376 2058 militari
395 1995 428 2075 ¹),
451 1997 524 2074 post
547 1997 750 2072 quaesturam
772 1996 855 2056 sorte
885 1990 1047 2056 Baeticam
1069 1991 1208 2073 accepit.
1230 2041 1237 2056 .
1262 2041 1269 2056 .
1294 1992 1349 2058 scd

246 2103 322 2168 dum
348 2103 380 2165 in
414 2101 521 2166 Africa
549 2106 596 2167 est
629 2119 686 2181 pro
711 2100 841 2165 Baetica
875 2099 1020 2164 Sardinia
1051 2099 1080 2165 ei
1104 2098 1259 2164 attributa
1291 2102 1347 2176 est,

246 2213 331 2294 quod
353 2211 515 2276 Baeticam
533 2211 638 2276 Mauri
659 2210 923 2291 populabantur«
980 2209 1082 2286 Quid?
1129 2207 1263 2274 Severus
1287 2206 1349 2272 nisi

245 2320 440 2404 provinciam
478 2319 516 2385 ab
555 2320 696 2386 hostibus
735 2317 901 2384 defendere
930 2319 1049 2398 potuit,
1083 2335 1139 2382 cur
1171 2315 1350 2400 praefectus

247 2431 427 2512 provinciae
459 2427 562 2494 factus
595 2429 670 2494 est?
713 2427 784 2492 Alia
813 2445 937 2508 quoque
968 2446 1019 2492 res
1049 2426 1255 2508 suspicionem
1286 2443 1349 2489 mo·

247 2553 319 2602 vere
342 2535 450 2600 debet:
474 2538 516 2614 et,
550 2534 634 2613 quod
657 2534 720 2597 iam
748 2538 820 2615 post
843 2538 1048 2613 quaesturam
1070 2533 1205 2598 Severus
1226 2533 1351 2615 prrovin·

246 2644 327 2710 ciam
363 2643 518 2724 accepisse
548 2642 674 2720 dicitur,
703 2646 736 2706 et
767 2643 849 2722 quod
884 2659 919 2708 eo
949 2648 1090 2722 tempore
1117 2641 1220 2707 Mauri
1247 2639 1351 2706 Baeti·

249 2772 316 2819 cam
340 2747 483 2833 populati
505 2753 574 2816 esse
595 2750 751 2815 dicuutur.
793 2749 922 2815 Maurus
948 2751 1029 2814 enim
1054 2750 1222 2832 Hispanias
1244 2765 1353 2815 omnes

250 2867 395 2927 vastasse
431 2865 602 2940 antequam
631 2859 759 2925 Marcus
790 2865 863 2940 post
881 2858 990 2925 fratris
1013 2865 1145 2924 mortem
1170 2861 1201 2924 in
1220 2859 1351 2924 Germa-

247 2969 333 3034 niam
353 2970 513 3051 profectus
539 2970 581 3034 sit
601 2969 722 3034 Marius
742 2967 901 3034 Maximus
923 2963 1083 3033 enarravit
1105 2969 1155 3034 vit.
1180 2967 1279 3034 Marci
1301 2972 1352 3032 21.

249 3080 363 3161 ltaque
385 3097 447 3143 non
467 3086 538 3160 post
553 3097 669 3142 armum
686 3083 745 3142 170
769 3079 889 3158 aceepit
904 3077 1037 3144 Severus
1056 3077 1227 3143 Baeticam.
1250 3077 1352 3155 Quae-

252 3192 374 3255 sturam
409 3207 485 3270 ergo
510 3188 646 3253 Severus
679 3189 780 3269 egisse
803 3186 917 3251 dicitur
947 3206 1028 3254 auno
1053 3188 1183 3253 168vel
1207 3187 1304 3251 roei.
1327 3203 1353 3250 e.

250 3297 514 3363 vicesimotertio
549 3297 666 3361 aetatis
690 3313 783 3361 anno.
827 3295 871 3360 Et
897 3315 965 3360 cum
987 3294 1041 3360 filii
1067 3296 1192 3376 quidem
1214 3297 1352 3376 impera-

250 3411 355 3471 torum
374 3410 447 3470 ante
470 3423 523 3471 eos
557 3405 672 3471 aetatis
695 3424 794 3471 annos
824 3406 878 3485 qui
910 3404 1032 3486 legibus
1066 3409 1158 3470 erant
1191 3405 1352 3471 constituti

251 3515 433 3580 normanus
455 3514 587 3595 publicis
608 3514 824 3594 fungerentur,
861 3513 979 3578 nullam
1005 3531 1132 3578 cansam
1156 3512 1262 3578 videre
1280 3531 1352 3594 pos·

251 3638 321 3690 sum
359 3643 415 3689 cur
448 3622 582 3686 Severus
611 3622 699 3686 cuius
732 3619 913 3687 familiana
946 3622 1103 3687 senatoria
1126 3622 1250 3702 quidem
1274 3627 1352 3701 erat,

253 3737 320 3798 tam
352 3736 476 3797 mature
509 3732 552 3797 sit
584 3735 758 3813 promotus.
816 3731 939 3796 Fictnm
976 3749 1050 3813 ergo
1079 3749 1148 3796 csse
1179 3732 1267 3808 duco,
1291 3731 1353 3794 iam

253 3859 336 3905 auno
362 3845 421 3904 170
438 3839 588 3906 Severum
610 3840 801 3921 legationem
824 3841 1020 3922 proconsulis
1038 3839 1162 3906 Africae
1184 3839 1349 3920 accepisse,

256 3949 444 4032 praesertim
470 3968 539 4014 cum
562 3968 643 4030 quae
668 3949 829 4016 adduntur
853 3953 880 4028 2,
905 3954 922 4014 6
944 3955 976 4014 ct
1000 3953 1028 4027 2,
1050 3953 1068 4012 9
1090 3948 1182 4014 nimis
1206 3947 1351 4014 fabulosa

363 4194 388 4266 1)
406 4192 451 4249 Sic
468 4197 568 4264 argute
587 4191 744 4247 emendavit
752 4190 912 4247 Hirschfeld
923 4189 1048 4258 (Hermes
1068 4191 1088 4245 l.
1106 4207 1132 4265 p.
1149 4189 1225 4258 Mol:
1248 4190 1353 4248 romnis

251 4290 376 4350 sortibus
396 4294 464 4348 natu
484 4289 598 4347 militari
616 4292 768 4368 poetata«
