3078 5096
319 701 356 760 lio
373 701 442 759 vilis
461 699 496 758 ii.
514 697 643 758 antonini
663 695 827 769 Philosophi,
845 695 917 760 leri,
934 696 1013 754 hrioli
1030 695 1116 754 lessi.

268 821 342 886 Vita
363 821 463 886 Marci
489 826 521 886 et
549 821 581 885 in
609 821 837 902 Bambergensi
867 825 899 884 et
931 821 962 884 in
985 819 1131 884 Palatino
1160 819 1264 884 codice

170 928 343 1012 Capitolino
364 930 524 995 tribuitur.
574 931 727 994 Attamen
747 929 778 992 in
801 927 928 992 dubium
959 929 1082 994 vocavit
1109 928 1227 994 Brocks
1241 928 1265 1011 ¹)

169 1058 241 1103 num
266 1039 345 1104 baec
367 1040 432 1104 vita
454 1057 473 1104 a
496 1037 670 1120 Capitolino
700 1039 741 1104 sit
768 1039 895 1120 scripta.
944 1037 1063 1102 Brocks
1092 1043 1205 1120 argute
1234 1043 1266 1102 et

171 1147 260 1212 docte
286 1149 326 1212 de
348 1148 486 1212 vitarum
509 1146 691 1212 auctoribus
715 1147 871 1227 disseruit,
894 1147 998 1211 omisit
1017 1153 1123 1211 autem
1139 1147 1178 1211 de
1192 1147 1266 1214 scri-

167 1263 292 1338 ptorum
305 1255 444 1322 fontibus
460 1259 639 1323 accuratius
653 1257 815 1322 disserere.
844 1257 961 1321 Brocks
973 1255 1150 1337 Capitolino
1166 1257 1265 1321 vitam

168 1367 265 1431 Marci
299 1367 491 1432 abiudicavit
521 1367 604 1445 quod
635 1371 745 1447 putat:
776 1365 986 1448 Capitolinum
1012 1365 1140 1447 gravius
1167 1366 1264 1445 quod-

168 1475 239 1540 dam
260 1479 293 1540 et
315 1475 451 1556 amplius
474 1474 628 1540 scribendi
650 1493 749 1557 genus
775 1474 939 1539 affectasse
962 1473 1046 1554 quod
1073 1491 1134 1538 non
1158 1480 1195 1540 ut
1215 1491 1263 1538 co·

166 1585 226 1648 teri
241 1585 411 1665 scriptores
427 1602 478 1649 res
497 1587 603 1664 gestas
625 1601 664 1646 ex
680 1581 892 1662 compluribus
913 1581 1063 1649 historiae
1083 1599 1264 1646 monumen·

166 1692 207 1757 tis
242 1693 427 1773 desumptas
459 1691 627 1774 cognitioni
659 1692 835 1774 principum
876 1709 1005 1756 suorum
1032 1691 1181 1756 straverit
1208 1691 1264 1755 sed

165 1801 270 1883 plures
304 1807 450 1867 auctores
491 1802 691 1882 excerpserit.
747 1800 836 1877 Quod
876 1802 1002 1880 quidem
1041 1802 1264 1880 argumentum

165 1927 215 1975 me
246 1911 419 1992 perducere
452 1929 514 1974 non
533 1914 639 1991 potest
659 1915 695 1974 ut
714 1911 810 1976 vitam
832 1909 931 1975 Marci
955 1929 974 1974 a
996 1909 1172 1989 Capitolino
1201 1924 1263 1971 non

164 2021 317 2101 scriptam
352 2037 421 2084 esse
448 2025 565 2100 putem.
619 2019 655 2083 In
677 2020 748 2085 ritis
779 2021 862 2084 enim
885 2019 997 2098 aldoini,
1029 2017 1170 2098 Macrini,
1192 2016 1264 2082 Ale-

164 2127 287 2207 xandri,
305 2127 559 2207 Maximinorum,
586 2127 825 2207 Gordianorum,
847 2127 975 2192 Maximi
995 2131 1028 2190 et
1039 2126 1161 2190 Balbini
1185 2143 1264 2204 quas

164 2236 246 2300 solas
268 2235 387 2302 Brocks
407 2235 582 2318 Capitolino
603 2236 722 2317 tribuit,
746 2237 952 2320 scriptoribus
972 2235 1091 2300 Marius
1106 2234 1264 2299 Maximus

67 2347 71 2354 “
164 2362 226 2408 non
238 2349 366 2426 praesto
382 2343 450 2423 fuit,
474 2345 582 2424 itaque
597 2347 811 2426 compluribus
830 2365 869 2410 ex
888 2345 1027 2410 fontibus
1047 2344 1130 2409 vitas
1146 2335 1264 2422 donpi-

162 2451 320 2530 lavcrunt
353 2471 423 2518 cum
458 2454 603 2518 omnibns
624 2455 752 2534 reliquis
775 2455 807 2519 in
826 2456 899 2519 vitis
925 2453 1061 2517 Marium
1088 2452 1261 2517 Maximum

162 2559 376 2642 largissimum
406 2560 526 2627 iontem
550 2563 799 2642 epitomaverint.
853 2563 896 2627 m
917 2562 1085 2627 verborum
1108 2561 1263 2640 quasdam

161 2667 377 2748 proprietates
392 2670 442 2734 vel
460 2671 696 2750 grammaticae,
723 2689 802 2750 quas
816 2671 935 2736 Brocks
949 2675 1006 2735 aut
1020 2668 1191 2749 Lampridii
1207 2672 1263 2733 aut

162 2774 323 2855 Spartiani
345 2782 402 2843 aut
426 2777 594 2858 Capitolini
616 2797 684 2844 esse
707 2779 871 2845 constituit
901 2781 965 2844 iarn
992 2779 1024 2842 in
1051 2776 1190 2842 fontibus
1217 2778 1263 2858 ip·

160 2884 201 2949 sis
222 2884 351 2951 inventa
376 2905 444 2952 esse
466 2887 548 2952 infra
571 2888 847 2954 demonstrabitur.
899 2889 1052 2969 Equidem
1080 2886 1159 2951 duco
1190 2887 1263 2952 scri-

161 2997 287 3074 ptorum
311 2996 529 3062 diversitatem
554 2998 659 3079 potius
682 3017 720 3063 ex
747 3015 783 3062 eo
806 2999 951 3079 cognosci
973 3011 1075 3076 posse,
1107 2994 1263 3074 quomodo

160 3099 263 3168 fontes
291 3122 364 3168 suos
392 3107 638 3187 compilaverint,
669 3113 766 3188 atque
792 3108 852 3172 bac
881 3108 912 3171 in
939 3123 974 3172 re
997 3104 1210 3184 Capitolinum
1232 3109 1265 3169 ct

160 3209 363 3292 Spartianum
387 3215 522 3278 multum
544 3217 626 3280 inter
649 3236 683 3282 se
704 3215 822 3281 differe.

260 3319 306 3384 De
337 3318 476 3386 fontibus
507 3324 591 3388 vitae
627 3324 726 3389 Marci
761 3324 912 3419 disseruit
941 3322 1058 3387 Miiller
1086 3343 1115 3404 p.
1137 3325 1259 3386 47-61
1287 3332 1410 3425 Mlgffi

160 3430 192 3493 et
217 3431 391 3492 raa-137.
444 3430 583 3495 Primam
605 3431 732 3514 quidem
769 3437 892 3512 partem
915 3450 982 3513 cap.
999 3435 1098 3496 i-uo
1121 3433 1262 3512 complu-

158 3535 245 3600 ribus
270 3537 511 3602 exauctoribus
539 3541 743 3620 compilatam
771 3559 840 3606 esse
862 3545 963 3623 putat,
989 3561 1015 3606 c.
1038 3543 1161 3604 21-29
1185 3539 1262 3604 nihii
1370 3582 1378 3587 -

159 3661 226 3708 esse
250 3645 310 3710 nisi
339 3647 497 3728 epitomen
519 3647 610 3712 Marii
634 3647 776 3714 Maximi.
833 3648 890 3715 Cui
912 3649 1070 3716 adsentire
1102 3666 1164 3714 non
1191 3668 1260 3732 pos-

158 3768 237 3816 sum.
280 3754 316 3818 In
338 3757 404 3820 vita
426 3756 523 3822 Marci
559 3775 767 3839 magnacum
792 3757 955 3839 diligentia
978 3765 1144 3824 narratur:
1170 3760 1201 3842 1)
1222 3761 1261 3824 de

158 3859 278 3928 familia
294 3863 392 3930 Marci
414 3871 492 3947 (cap.
508 3865 548 3950 1),
571 3869 602 3947 2)
625 3866 665 3930 de
685 3865 819 3932 infantia
839 3873 935 3950 atque
957 3869 1142 3934 educatione
1166 3875 1262 3949 atquo

158 3970 196 4034 de
216 3971 283 4035 vita
303 3973 430 4051 privata
451 3974 490 4054 (c.
508 3973 611 4050 2-4),
651 3973 683 4052 3)
707 3972 745 4035 de
768 3971 936 4052 adoptione
960 3979 1056 4056 atque
1077 3974 1261 4042 muneribus

157 4104 355 4114 ———--.

266 4171 292 4240 1)
310 4170 415 4224 Brocks
441 4171 459 4223 l.
476 4188 499 4224 c.
518 4189 545 4240 p.
557 4171 590 4225 23
601 4169 629 4224 ff.
650 4170 797 4225 Richter
814 4171 996 4228 Rbeinisches
1009 4173 1137 4230 Museum
1149 4175 1200 4234 VII
1214 4180 1257 4244 39,

159 4264 270 4326 Teuffel.
291 4265 438 4328 Romische
457 4266 761 4338 Liberaturgesohichte
781 4269 841 4334 370,
855 4270 879 4322 4.
898 4271 960 4332 378.
