<?xml version="1.0" encoding="UTF-8"?>
<!DOCTYPE html PUBLIC "-//W3C//DTD XHTML 1.0 Transitional//EN"
    "http://www.w3.org/TR/xhtml1/DTD/xhtml1-transitional.dtd">
<html xmlns="http://www.w3.org/1999/xhtml" xml:lang="en" lang="en">
 <head>
  <title>
</title>
<meta http-equiv="Content-Type" content="text/html;charset=utf-8" />
  <meta name='ocr-system' content='tesseract 3.04.00' />
  <meta name='ocr-capabilities' content='ocr_page ocr_carea ocr_par ocr_line ocrx_word'/>
</head>
<body>
  <div class='ocr_page' id='page_1' title='image "./defontibusqvatv00rbgoog_0035.png"; bbox 0 0 3078 5096; ppageno 0'>
   <div class='ocr_carea' id='block_1_1' title="bbox 142 578 239 619">
    <p class='ocr_par' dir='ltr' id='par_1_1' title="bbox 142 578 239 619">
     <span class='ocr_line' id='line_1_1' title="bbox 142 578 239 619; baseline 0 -1"><span class='ocrx_word' id='word_1_1' title='bbox 142 578 239 619; x_wconf 75' lang='lat' dir='ltr'>cordus.</span> 
     </span>
    </p>
   </div>
   <div class='ocr_carea' id='block_1_2' title="bbox 771 371 810 432">
    <p class='ocr_par' dir='ltr' id='par_1_2' title="bbox 771 371 810 432">
     <span class='ocr_line' id='line_1_2' title="bbox 771 371 810 432; baseline 0 0"><span class='ocrx_word' id='word_1_2' title='bbox 771 371 810 432; x_wconf 83' lang='lat'>26</span> 
     </span>
    </p>
   </div>
   <div class='ocr_carea' id='block_1_3' title="bbox 247 547 1353 2031">
    <p class='ocr_par' dir='ltr' id='par_1_3' title="bbox 247 547 1353 2031">
     <span class='ocr_line' id='line_1_3' title="bbox 348 547 1353 634; baseline -0.004 -16"><span class='ocrx_word' id='word_1_3' title='bbox 348 553 438 619; x_wconf 85' lang='lat' dir='ltr'>Alius</span> <span class='ocrx_word' id='word_1_4' title='bbox 460 553 573 618; x_wconf 92' lang='lat' dir='ltr'>deinde</span> <span class='ocrx_word' id='word_1_5' title='bbox 594 551 664 617; x_wconf 89' lang='lat' dir='ltr'>fons</span> <span class='ocrx_word' id='word_1_6' title='bbox 685 553 794 634; x_wconf 82' lang='lat' dir='ltr'>incipit</span> <span class='ocrx_word' id='word_1_7' title='bbox 813 556 841 631; x_wconf 85' lang='grc'>4,</span> <span class='ocrx_word' id='word_1_8' title='bbox 865 557 885 618; x_wconf 86' lang='grc'>4</span> <span class='ocrx_word' id='word_1_9' title='bbox 909 571 949 616; x_wconf 82' lang='lat' dir='ltr'>ex</span> <span class='ocrx_word' id='word_1_10' title='bbox 972 569 1036 633; x_wconf 91' lang='lat' dir='ltr'>quo</span> <span class='ocrx_word' id='word_1_11' title='bbox 1057 548 1256 634; x_wconf 81' lang='lat' dir='ltr'>Capitolinus</span> <span class='ocrx_word' id='word_1_12' title='bbox 1278 547 1353 614; x_wconf 92' lang='lat' dir='ltr'>mihi</span> 
     </span>
     <span class='ocr_line' id='line_1_4' title="bbox 247 658 1349 742; baseline -0.004 -16"><span class='ocrx_word' id='word_1_13' title='bbox 247 662 390 728; x_wconf 79' lang='lat' dir='ltr'>hausisse</span> <span class='ocrx_word' id='word_1_14' title='bbox 412 660 538 727; x_wconf 85' lang='lat' dir='ltr'>videtur</span> <span class='ocrx_word' id='word_1_15' title='bbox 566 680 591 727; x_wconf 89' lang='lat' dir='ltr'>c.</span> <span class='ocrx_word' id='word_1_16' title='bbox 605 665 633 739; x_wconf 87' lang='grc'>4,</span> <span class='ocrx_word' id='word_1_17' title='bbox 650 665 742 741; x_wconf 86' lang='grc'><strong>4-6,</strong></span> <span class='ocrx_word' id='word_1_18' title='bbox 765 664 792 726; x_wconf 88' lang='grc'>6.</span> <span class='ocrx_word' id='word_1_19' title='bbox 815 661 895 726; x_wconf 82' lang='lat' dir='ltr'>Ourn</span> <span class='ocrx_word' id='word_1_20' title='bbox 917 659 1073 742; x_wconf 86' lang='lat' dir='ltr'>prioribus</span> <span class='ocrx_word' id='word_1_21' title='bbox 1100 658 1256 740; x_wconf 79' lang='lat' dir='ltr'>capitibus</span> <span class='ocrx_word' id='word_1_22' title='bbox 1277 675 1349 726; x_wconf 88' lang='lat' dir='ltr'>nar·</span> 
     </span>
     <span class='ocr_line' id='line_1_5' title="bbox 248 767 1350 850; baseline -0.001 -15"><span class='ocrx_word' id='word_1_23' title='bbox 248 775 354 836; x_wconf 88' lang='lat' dir='ltr'>ratum</span> <span class='ocrx_word' id='word_1_24' title='bbox 377 769 418 837; x_wconf 86' lang='lat' dir='ltr'>sit</span> <span class='ocrx_word' id='word_1_25' title='bbox 443 770 558 836; x_wconf 87' lang='lat' dir='ltr'>Verum</span> <span class='ocrx_word' id='word_1_26' title='bbox 578 769 772 850; x_wconf 84' lang='lat' dir='ltr'>simplicibus</span> <span class='ocrx_word' id='word_1_27' title='bbox 793 768 891 835; x_wconf 86' lang='lat' dir='ltr'>fuisse</span> <span class='ocrx_word' id='word_1_28' title='bbox 909 768 1054 837; x_wconf 88' lang='lat' dir='ltr'>moribus</span> <span class='ocrx_word' id='word_1_29' title='bbox 1077 785 1179 848; x_wconf 91' lang='lat' dir='ltr'>neque</span> <span class='ocrx_word' id='word_1_30' title='bbox 1202 767 1350 834; x_wconf 84' lang='lat' dir='ltr'>luxuriae</span> 
     </span>
     <span class='ocr_line' id='line_1_6' title="bbox 248 875 1350 962; baseline -0.005 -17"><span class='ocrx_word' id='word_1_31' title='bbox 248 879 525 962; x_wconf 81' lang='lat' dir='ltr'>voluptatibusque</span> <span class='ocrx_word' id='word_1_32' title='bbox 558 879 651 944; x_wconf 90' lang='lat' dir='ltr'>nimis</span> <span class='ocrx_word' id='word_1_33' title='bbox 686 878 826 945; x_wconf 87' lang='lat' dir='ltr'>deditum</span> <span class='ocrx_word' id='word_1_34' title='bbox 856 877 988 958; x_wconf 88' lang='lat' dir='ltr'>ideoque</span> <span class='ocrx_word' id='word_1_35' title='bbox 1015 893 1117 959; x_wconf 87' lang='lat' dir='ltr'>neque</span> <span class='ocrx_word' id='word_1_36' title='bbox 1143 877 1225 942; x_wconf 91' lang='lat' dir='ltr'>inter</span> <span class='ocrx_word' id='word_1_37' title='bbox 1251 875 1350 941; x_wconf 92' lang='lat' dir='ltr'>honos</span> 
     </span>
     <span class='ocr_line' id='line_1_7' title="bbox 247 984 1353 1070; baseline -0.005 -17"><span class='ocrx_word' id='word_1_38' title='bbox 247 1006 350 1068; x_wconf 91' lang='lat' dir='ltr'>neque</span> <span class='ocrx_word' id='word_1_39' title='bbox 363 987 463 1053; x_wconf 89' lang='lat' dir='ltr'>malos</span> <span class='ocrx_word' id='word_1_40' title='bbox 479 987 633 1070; x_wconf 90' lang='lat' dir='ltr'>principes</span> <span class='ocrx_word' id='word_1_41' title='bbox 650 988 829 1068; x_wconf 88' lang='lat' dir='ltr'>ponendum</span> <span class='ocrx_word' id='word_1_42' title='bbox 849 1004 927 1066; x_wconf 84' lang='lat' dir='ltr'>esse,</span> <span class='ocrx_word' id='word_1_43' title='bbox 949 987 999 1052; x_wconf 90' lang='lat' dir='ltr'>his</span> <span class='ocrx_word' id='word_1_44' title='bbox 1010 988 1043 1050; x_wconf 91' lang='lat' dir='ltr'>in</span> <span class='ocrx_word' id='word_1_45' title='bbox 1065 984 1220 1068; x_wconf 86' lang='lat' dir='ltr'>capitibus</span> <span class='ocrx_word' id='word_1_46' title='bbox 1231 985 1353 1050; x_wconf 90' lang='lat' dir='ltr'>Verum</span> 
     </span>
     <span class='ocr_line' id='line_1_8' title="bbox 249 1094 1351 1177; baseline -0.005 -14"><span class='ocrx_word' id='word_1_47' title='bbox 249 1097 393 1163; x_wconf 86' lang='lat' dir='ltr'>omnibus</span> <span class='ocrx_word' id='word_1_48' title='bbox 409 1097 626 1177; x_wconf 88' lang='lat' dir='ltr'>voluptatibus</span> <span class='ocrx_word' id='word_1_49' title='bbox 648 1097 811 1163; x_wconf 84' lang='lat' dir='ltr'>immodice</span> <span class='ocrx_word' id='word_1_50' title='bbox 832 1096 1001 1164; x_wconf 88' lang='lat' dir='ltr'>indulsisse</span> <span class='ocrx_word' id='word_1_51' title='bbox 1023 1094 1170 1160; x_wconf 82' lang='lat' dir='ltr'>traditur.</span> <span class='ocrx_word' id='word_1_52' title='bbox 1215 1094 1259 1158; x_wconf 84' lang='lat' dir='ltr'>Et</span> <span class='ocrx_word' id='word_1_53' title='bbox 1279 1111 1351 1160; x_wconf 83' lang='lat' dir='ltr'>nar·</span> 
     </span>
     <span class='ocr_line' id='line_1_9' title="bbox 248 1203 1353 1287; baseline -0.001 -19"><span class='ocrx_word' id='word_1_54' title='bbox 248 1211 340 1271; x_wconf 86' lang='lat' dir='ltr'>retur</span> <span class='ocrx_word' id='word_1_55' title='bbox 360 1205 436 1287; x_wconf 91' lang='lat' dir='ltr'>quid</span> <span class='ocrx_word' id='word_1_56' title='bbox 457 1205 559 1270; x_wconf 89' lang='lat' dir='ltr'>Verus</span> <span class='ocrx_word' id='word_1_57' title='bbox 583 1222 640 1286; x_wconf 90' lang='lat' dir='ltr'>per</span> <span class='ocrx_word' id='word_1_58' title='bbox 659 1210 768 1272; x_wconf 88' lang='lat' dir='ltr'>noctes</span> <span class='ocrx_word' id='word_1_59' title='bbox 791 1204 909 1286; x_wconf 86' lang='lat' dir='ltr'>fecerit,</span> <span class='ocrx_word' id='word_1_60' title='bbox 939 1221 1034 1285; x_wconf 91' lang='lat' dir='ltr'>quem</span> <span class='ocrx_word' id='word_1_61' title='bbox 1055 1203 1088 1268; x_wconf 94' lang='lat' dir='ltr'>in</span> <span class='ocrx_word' id='word_1_62' title='bbox 1110 1203 1238 1270; x_wconf 91' lang='lat' dir='ltr'>modum</span> <span class='ocrx_word' id='word_1_63' title='bbox 1262 1221 1297 1268; x_wconf 90' lang='lat' dir='ltr'>se</span> <span class='ocrx_word' id='word_1_64' title='bbox 1320 1204 1353 1267; x_wconf 90' lang='lat' dir='ltr'>in</span> 
     </span>
     <span class='ocr_line' id='line_1_10' title="bbox 248 1311 1352 1396; baseline -0.001 -17"><span class='ocrx_word' id='word_1_65' title='bbox 248 1314 395 1380; x_wconf 89' lang='lat' dir='ltr'>conviviis</span> <span class='ocrx_word' id='word_1_66' title='bbox 430 1315 572 1396; x_wconf 84' lang='lat' dir='ltr'>gesserit,</span> <span class='ocrx_word' id='word_1_67' title='bbox 596 1314 721 1394; x_wconf 89' lang='lat' dir='ltr'>quando</span> <span class='ocrx_word' id='word_1_68' title='bbox 754 1314 882 1380; x_wconf 89' lang='lat' dir='ltr'>tesseris</span> <span class='ocrx_word' id='word_1_69' title='bbox 903 1313 1029 1393; x_wconf 88' lang='lat' dir='ltr'>luderit,</span> <span class='ocrx_word' id='word_1_70' title='bbox 1053 1311 1200 1394; x_wconf 89' lang='lat' dir='ltr'>qualibus</span> <span class='ocrx_word' id='word_1_71' title='bbox 1222 1311 1352 1378; x_wconf 85' lang='lat' dir='ltr'>vasibus</span> 
     </span>
     <span class='ocr_line' id='line_1_11' title="bbox 248 1421 1349 1504; baseline 0.001 -17"><span class='ocrx_word' id='word_1_72' title='bbox 248 1424 279 1488; x_wconf 90' lang='lat' dir='ltr'>in</span> <span class='ocrx_word' id='word_1_73' title='bbox 302 1423 449 1488; x_wconf 86' lang='lat' dir='ltr'>conviviis</span> <span class='ocrx_word' id='word_1_74' title='bbox 472 1442 549 1488; x_wconf 92' lang='lat' dir='ltr'>usus</span> <span class='ocrx_word' id='word_1_75' title='bbox 569 1423 619 1502; x_wconf 88' lang='lat' dir='ltr'>sit,</span> <span class='ocrx_word' id='word_1_76' title='bbox 642 1423 835 1503; x_wconf 90' lang='lat' dir='ltr'>quinetiam</span> <span class='ocrx_word' id='word_1_77' title='bbox 858 1423 964 1503; x_wconf 88' lang='lat' dir='ltr'>qualis</span> <span class='ocrx_word' id='word_1_78' title='bbox 986 1421 1087 1488; x_wconf 82' lang='lat' dir='ltr'>somru</span> <span class='ocrx_word' id='word_1_79' title='bbox 1111 1427 1143 1485; x_wconf 88' lang='lat' dir='ltr'>ct</span> <span class='ocrx_word' id='word_1_80' title='bbox 1163 1421 1349 1504; x_wconf 80' lang='lat' dir='ltr'>digestionis</span> 
     </span>
     <span class='ocr_line' id='line_1_12' title="bbox 248 1528 1353 1612; baseline 0 -17"><span class='ocrx_word' id='word_1_81' title='bbox 248 1530 355 1611; x_wconf 85' lang='lat' dir='ltr'>fuerit,</span> <span class='ocrx_word' id='word_1_82' title='bbox 376 1549 454 1612; x_wconf 92' lang='lat' dir='ltr'>quos</span> <span class='ocrx_word' id='word_1_83' title='bbox 477 1548 573 1610; x_wconf 89' lang='lat' dir='ltr'>equos</span> <span class='ocrx_word' id='word_1_84' title='bbox 597 1530 753 1610; x_wconf 84' lang='lat' dir='ltr'>habuerit,</span> <span class='ocrx_word' id='word_1_85' title='bbox 776 1531 915 1612; x_wconf 89' lang='lat' dir='ltr'>quidque</span> <span class='ocrx_word' id='word_1_86' title='bbox 933 1531 1004 1611; x_wconf 87' lang='lat' dir='ltr'>equi</span> <span class='ocrx_word' id='word_1_87' title='bbox 1021 1528 1221 1595; x_wconf 90' lang='lat' dir='ltr'>comederint.</span> <span class='ocrx_word' id='word_1_88' title='bbox 1246 1528 1353 1610; x_wconf 86' lang='lat' dir='ltr'>Atque</span> 
     </span>
     <span class='ocr_line' id='line_1_13' title="bbox 248 1637 1349 1720; baseline -0.001 -15"><span class='ocrx_word' id='word_1_89' title='bbox 248 1657 319 1705; x_wconf 90' lang='lat' dir='ltr'>cum</span> <span class='ocrx_word' id='word_1_90' title='bbox 338 1637 417 1703; x_wconf 88' lang='lat' dir='ltr'>talia</span> <span class='ocrx_word' id='word_1_91' title='bbox 450 1657 469 1702; x_wconf 92' lang='lat' dir='ltr'>a</span> <span class='ocrx_word' id='word_1_92' title='bbox 493 1637 594 1704; x_wconf 87' lang='lat' dir='ltr'>Cordo</span> <span class='ocrx_word' id='word_1_93' title='bbox 622 1657 691 1706; x_wconf 89' lang='lat' dir='ltr'>esse</span> <span class='ocrx_word' id='word_1_94' title='bbox 720 1641 837 1705; x_wconf 89' lang='lat' dir='ltr'>tradita</span> <span class='ocrx_word' id='word_1_95' title='bbox 868 1639 1069 1720; x_wconf 82' lang='lat' dir='ltr'>Cordumque</span> <span class='ocrx_word' id='word_1_96' title='bbox 1092 1656 1349 1720; x_wconf 90' lang='lat' dir='ltr'>eorumquoque</span> 
     </span>
     <span class='ocr_line' id='line_1_14' title="bbox 248 1748 1347 1830; baseline -0.001 -16"><span class='ocrx_word' id='word_1_97' title='bbox 248 1751 485 1829; x_wconf 83' lang='lat' dir='ltr'>imperatorum,</span> <span class='ocrx_word' id='word_1_98' title='bbox 518 1766 597 1830; x_wconf 89' lang='lat' dir='ltr'>quos</span> <span class='ocrx_word' id='word_1_99' title='bbox 621 1748 818 1815; x_wconf 87' lang='lat' dir='ltr'>obscuriores</span> <span class='ocrx_word' id='word_1_100' title='bbox 840 1749 967 1814; x_wconf 90' lang='lat' dir='ltr'>videbat</span> <span class='ocrx_word' id='word_1_101' title='bbox 986 1750 1067 1815; x_wconf 89' lang='lat' dir='ltr'>vitas</span> <span class='ocrx_word' id='word_1_102' title='bbox 1086 1749 1249 1830; x_wconf 89' lang='lat' dir='ltr'>scripsisse</span> <span class='ocrx_word' id='word_1_103' title='bbox 1270 1749 1347 1816; x_wconf 87' lang='lat' dir='ltr'>scia-</span> 
     </span>
     <span class='ocr_line' id='line_1_15' title="bbox 249 1856 1349 1940; baseline 0 -18"><span class='ocrx_word' id='word_1_104' title='bbox 249 1877 320 1924; x_wconf 92' lang='lat' dir='ltr'>mus</span> <span class='ocrx_word' id='word_1_105' title='bbox 337 1860 370 1935; x_wconf 88' lang='grc'>1),</span> <span class='ocrx_word' id='word_1_106' title='bbox 403 1856 571 1922; x_wconf 86' lang='lat' dir='ltr'>verisimile</span> <span class='ocrx_word' id='word_1_107' title='bbox 601 1857 676 1923; x_wconf 91' lang='lat' dir='ltr'>mihi</span> <span class='ocrx_word' id='word_1_108' title='bbox 698 1875 768 1924; x_wconf 88' lang='lat' dir='ltr'>esse</span> <span class='ocrx_word' id='word_1_109' title='bbox 794 1858 920 1924; x_wconf 84' lang='lat' dir='ltr'>videtur</span> <span class='ocrx_word' id='word_1_110' title='bbox 938 1856 1153 1940; x_wconf 83' lang='lat' dir='ltr'>Capitolinum</span> <span class='ocrx_word' id='word_1_111' title='bbox 1175 1857 1225 1923; x_wconf 91' lang='lat' dir='ltr'>hic</span> <span class='ocrx_word' id='word_1_112' title='bbox 1247 1857 1349 1923; x_wconf 83' lang='lat' dir='ltr'>Cordo</span> 
     </span>
     <span class='ocr_line' id='line_1_16' title="bbox 248 1983 451 2031; baseline 0 -1"><span class='ocrx_word' id='word_1_113' title='bbox 248 1983 351 2031; x_wconf 87' lang='lat' dir='ltr'>ursum</span> <span class='ocrx_word' id='word_1_114' title='bbox 375 1983 451 2031; x_wconf 88' lang='lat' dir='ltr'>esse.</span> 
     </span>
    </p>
   </div>
   <div class='ocr_carea' id='block_1_4' title="bbox 142 2073 1352 2156">
    <p class='ocr_par' dir='ltr' id='par_1_4' title="bbox 142 2073 1352 2156">
     <span class='ocr_line' id='line_1_17' title="bbox 142 2073 1352 2156; baseline 0.003 -20"><span class='ocrx_word' id='word_1_115' title='bbox 142 2107 155 2136; x_wconf 68' lang='lat' dir='ltr'>a</span> <span class='ocrx_word' id='word_1_116' title='bbox 203 2105 239 2136; x_wconf 72' lang='lat' dir='ltr'>ua.</span> <span class='ocrx_word' id='word_1_117' title='bbox 333 2073 406 2154; x_wconf 82' lang='lat' dir='ltr'>Gap.</span> <span class='ocrx_word' id='word_1_118' title='bbox 417 2079 445 2152; x_wconf 86' lang='lat'>6,</span> <span class='ocrx_word' id='word_1_119' title='bbox 459 2079 549 2154; x_wconf 80' lang='lat'><strong>7-7,</strong></span> <span class='ocrx_word' id='word_1_120' title='bbox 565 2080 602 2140; x_wconf 90' lang='lat'>10</span> <span class='ocrx_word' id='word_1_121' title='bbox 614 2075 740 2140; x_wconf 88' lang='lat' dir='ltr'>eMario</span> <span class='ocrx_word' id='word_1_122' title='bbox 750 2075 886 2141; x_wconf 84' lang='lat' dir='ltr'>Maximo</span> <span class='ocrx_word' id='word_1_123' title='bbox 900 2074 1068 2141; x_wconf 85' lang='lat' dir='ltr'>fluxerunt.</span> <span class='ocrx_word' id='word_1_124' title='bbox 1093 2075 1212 2152; x_wconf 87' lang='lat' dir='ltr'>Quibus</span> <span class='ocrx_word' id='word_1_125' title='bbox 1226 2093 1352 2156; x_wconf 89' lang='lat' dir='ltr'>compa-</span> 
     </span>
    </p>
   </div>
   <div class='ocr_carea' id='block_1_5' title="bbox 247 2182 1354 2266">
    <p class='ocr_par' dir='ltr' id='par_1_5' title="bbox 247 2182 1354 2266">
     <span class='ocr_line' id='line_1_18' title="bbox 247 2182 1354 2266; baseline 0.004 -20"><span class='ocrx_word' id='word_1_126' title='bbox 247 2183 326 2248; x_wconf 88' lang='lat' dir='ltr'>ratis</span> <span class='ocrx_word' id='word_1_127' title='bbox 350 2201 419 2247; x_wconf 91' lang='lat' dir='ltr'>curn</span> <span class='ocrx_word' id='word_1_128' title='bbox 440 2183 493 2248; x_wconf 86' lang='lat' dir='ltr'>vit.</span> <span class='ocrx_word' id='word_1_129' title='bbox 506 2182 606 2249; x_wconf 87' lang='lat' dir='ltr'>Marci</span> <span class='ocrx_word' id='word_1_130' title='bbox 622 2188 685 2247; x_wconf 84' lang='lat' dir='ltr'>9et</span> <span class='ocrx_word' id='word_1_131' title='bbox 703 2189 739 2248; x_wconf 84' lang='lat'>12</span> <span class='ocrx_word' id='word_1_132' title='bbox 767 2183 859 2249; x_wconf 85' lang='lat' dir='ltr'>facile</span> <span class='ocrx_word' id='word_1_133' title='bbox 877 2185 1024 2266; x_wconf 85' lang='lat' dir='ltr'>cognosci</span> <span class='ocrx_word' id='word_1_134' title='bbox 1045 2186 1213 2266; x_wconf 73' lang='lat' dir='ltr'>potestat</span> <span class='ocrx_word' id='word_1_135' title='bbox 1234 2188 1354 2265; x_wconf 85' lang='lat' dir='ltr'>quanta</span> 
     </span>
    </p>
   </div>
   <div class='ocr_carea' id='block_1_6' title="bbox 138 2290 1353 2376">
    <p class='ocr_par' dir='ltr' id='par_1_6' title="bbox 138 2290 1353 2376">
     <span class='ocr_line' id='line_1_19' title="bbox 138 2290 1353 2376; baseline 0.002 -22"><span class='ocrx_word' id='word_1_136' title='bbox 138 2371 142 2376; x_wconf 25' lang='grc' dir='ltr'>Ι</span> <span class='ocrx_word' id='word_1_137' title='bbox 248 2290 368 2356; x_wconf 85' lang='lat' dir='ltr'>incuria</span> <span class='ocrx_word' id='word_1_138' title='bbox 397 2290 592 2372; x_wconf 84' lang='lat' dir='ltr'>Capitolinus</span> <span class='ocrx_word' id='word_1_139' title='bbox 616 2293 647 2356; x_wconf 92' lang='lat' dir='ltr'>in</span> <span class='ocrx_word' id='word_1_140' title='bbox 682 2294 749 2357; x_wconf 88' lang='lat' dir='ltr'>vita</span> <span class='ocrx_word' id='word_1_141' title='bbox 770 2293 867 2357; x_wconf 90' lang='lat' dir='ltr'>Marci</span> <span class='ocrx_word' id='word_1_142' title='bbox 890 2293 1027 2357; x_wconf 87' lang='lat' dir='ltr'>Marium</span> <span class='ocrx_word' id='word_1_143' title='bbox 1046 2291 1222 2357; x_wconf 87' lang='lat' dir='ltr'>Maximum</span> <span class='ocrx_word' id='word_1_144' title='bbox 1253 2292 1353 2374; x_wconf 89' lang='lat' dir='ltr'>epito-</span> 
     </span>
    </p>
   </div>
   <div class='ocr_carea' id='block_1_7' title="bbox 247 2399 1354 3026">
    <p class='ocr_par' dir='ltr' id='par_1_7' title="bbox 247 2399 1354 3026">
     <span class='ocr_line' id='line_1_20' title="bbox 248 2399 1350 2481; baseline 0.003 -17"><span class='ocrx_word' id='word_1_145' title='bbox 248 2399 391 2478; x_wconf 79' lang='lat' dir='ltr'>maverit</span> <span class='ocrx_word' id='word_1_146' title='bbox 414 2404 446 2463; x_wconf 90' lang='lat' dir='ltr'>et</span> <span class='ocrx_word' id='word_1_147' title='bbox 467 2399 560 2466; x_wconf 88' lang='lat' dir='ltr'>Marii</span> <span class='ocrx_word' id='word_1_148' title='bbox 585 2399 715 2466; x_wconf 86' lang='lat' dir='ltr'>Maximi</span> <span class='ocrx_word' id='word_1_149' title='bbox 750 2400 914 2467; x_wconf 85' lang='lat' dir='ltr'>historiam</span> <span class='ocrx_word' id='word_1_150' title='bbox 942 2402 1041 2464; x_wconf 91' lang='lat' dir='ltr'>multo</span> <span class='ocrx_word' id='word_1_151' title='bbox 1061 2401 1230 2481; x_wconf 81' lang='lat' dir='ltr'>largiorem</span> <span class='ocrx_word' id='word_1_152' title='bbox 1252 2400 1350 2468; x_wconf 80' lang='lat' dir='ltr'>fuisse</span> 
     </span>
     <span class='ocr_line' id='line_1_21' title="bbox 247 2505 1349 2590; baseline 0.003 -21"><span class='ocrx_word' id='word_1_153' title='bbox 247 2507 313 2570; x_wconf 90' lang='lat' dir='ltr'>vita</span> <span class='ocrx_word' id='word_1_154' title='bbox 333 2525 352 2570; x_wconf 88' lang='lat' dir='ltr'>a</span> <span class='ocrx_word' id='word_1_155' title='bbox 374 2505 550 2586; x_wconf 82' lang='lat' dir='ltr'>Capitolino</span> <span class='ocrx_word' id='word_1_156' title='bbox 571 2505 737 2587; x_wconf 86' lang='lat' dir='ltr'>descripta.</span> <span class='ocrx_word' id='word_1_157' title='bbox 797 2507 846 2571; x_wconf 81' lang='lat' dir='ltr'>llx</span> <span class='ocrx_word' id='word_1_158' title='bbox 866 2506 933 2570; x_wconf 87' lang='lat' dir='ltr'>rita</span> <span class='ocrx_word' id='word_1_159' title='bbox 956 2506 1031 2573; x_wconf 90' lang='lat' dir='ltr'>Veri</span> <span class='ocrx_word' id='word_1_160' title='bbox 1054 2506 1180 2570; x_wconf 90' lang='lat' dir='ltr'>demum</span> <span class='ocrx_word' id='word_1_161' title='bbox 1202 2507 1349 2590; x_wconf 89' lang='lat' dir='ltr'>cognosci</span> 
     </span>
     <span class='ocr_line' id='line_1_22' title="bbox 250 2615 1354 2698; baseline 0 -19"><span class='ocrx_word' id='word_1_162' title='bbox 250 2620 363 2694; x_wconf 88' lang='lat' dir='ltr'>potest,</span> <span class='ocrx_word' id='word_1_163' title='bbox 393 2615 446 2694; x_wconf 92' lang='lat' dir='ltr'>qui</span> <span class='ocrx_word' id='word_1_164' title='bbox 476 2615 569 2679; x_wconf 90' lang='lat' dir='ltr'>duces</span> <span class='ocrx_word' id='word_1_165' title='bbox 602 2616 817 2681; x_wconf 89' lang='lat' dir='ltr'>Romanorum</span> <span class='ocrx_word' id='word_1_166' title='bbox 849 2617 969 2682; x_wconf 86' lang='lat' dir='ltr'>bellum</span> <span class='ocrx_word' id='word_1_167' title='bbox 992 2616 1175 2682; x_wconf 88' lang='lat' dir='ltr'>Parthicum</span> <span class='ocrx_word' id='word_1_168' title='bbox 1196 2615 1354 2698; x_wconf 88' lang='lat' dir='ltr'>gesserint</span> 
     </span>
     <span class='ocr_line' id='line_1_23' title="bbox 250 2723 1352 2807; baseline 0 -19"><span class='ocrx_word' id='word_1_169' title='bbox 250 2742 327 2804; x_wconf 91' lang='lat' dir='ltr'>quos</span> <span class='ocrx_word' id='word_1_170' title='bbox 342 2723 381 2786; x_wconf 90' lang='lat' dir='ltr'>ad</span> <span class='ocrx_word' id='word_1_171' title='bbox 397 2724 482 2789; x_wconf 92' lang='lat' dir='ltr'>locos</span> <span class='ocrx_word' id='word_1_172' title='bbox 495 2724 709 2789; x_wconf 86' lang='lat' dir='ltr'>Romanorum</span> <span class='ocrx_word' id='word_1_173' title='bbox 726 2727 881 2791; x_wconf 84' lang='lat' dir='ltr'>exercitus</span> <span class='ocrx_word' id='word_1_174' title='bbox 894 2726 1123 2807; x_wconf 82' lang='lat' dir='ltr'>processerint3</span> <span class='ocrx_word' id='word_1_175' title='bbox 1140 2725 1195 2789; x_wconf 87' lang='lat' dir='ltr'>rit.</span> <span class='ocrx_word' id='word_1_176' title='bbox 1208 2725 1281 2790; x_wconf 89' lang='lat' dir='ltr'>Ver.</span> <span class='ocrx_word' id='word_1_177' title='bbox 1292 2729 1319 2804; x_wconf 81' lang='lat'>7,</span> <span class='ocrx_word' id='word_1_178' title='bbox 1333 2727 1352 2788; x_wconf 90' lang='lat'>3</span> 
     </span>
     <span class='ocr_line' id='line_1_24' title="bbox 252 2831 1347 2913; baseline 0.007 -23"><span class='ocrx_word' id='word_1_179' title='bbox 252 2833 336 2912; x_wconf 80' lang='lat' dir='ltr'>aegit</span> <span class='ocrx_word' id='word_1_180' title='bbox 359 2851 415 2913; x_wconf 91' lang='lat' dir='ltr'>per</span> <span class='ocrx_word' id='word_1_181' title='bbox 436 2831 676 2913; x_wconf 86' lang='lat' dir='ltr'>quadriennium</span> <span class='ocrx_word' id='word_1_182' title='bbox 700 2835 800 2899; x_wconf 89' lang='lat' dir='ltr'>Varus</span> <span class='ocrx_word' id='word_1_183' title='bbox 827 2835 963 2900; x_wconf 92' lang='lat' dir='ltr'>hiemem</span> <span class='ocrx_word' id='word_1_184' title='bbox 986 2834 1160 2900; x_wconf 88' lang='lat' dir='ltr'>Laodiceae</span> <span class='ocrx_word' id='word_1_185' title='bbox 1190 2837 1347 2900; x_wconf 88' lang='lat' dir='ltr'>aestatem</span> 
     </span>
     <span class='ocr_line' id='line_1_25' title="bbox 250 2940 1342 3026; baseline 0.005 -24"><span class='ocrx_word' id='word_1_186' title='bbox 250 2940 335 3020; x_wconf 88' lang='lat' dir='ltr'>apud</span> <span class='ocrx_word' id='word_1_187' title='bbox 356 2940 499 3006; x_wconf 81' lang='lat' dir='ltr'>Dafnem</span> <span class='ocrx_word' id='word_1_188' title='bbox 523 2943 679 3008; x_wconf 85' lang='lat' dir='ltr'>contraxit</span> <span class='ocrx_word' id='word_1_189' title='bbox 692 2942 887 3026; x_wconf 78' lang='lat' dir='ltr'>Capitolinus</span> <span class='ocrx_word' id='word_1_190' title='bbox 903 2945 933 3006; x_wconf 88' lang='lat' dir='ltr'>in</span> <span class='ocrx_word' id='word_1_191' title='bbox 950 2945 1003 3008; x_wconf 91' lang='lat' dir='ltr'>vit.</span> <span class='ocrx_word' id='word_1_192' title='bbox 1019 2942 1116 3009; x_wconf 91' lang='lat' dir='ltr'>Marc.</span> <span class='ocrx_word' id='word_1_193' title='bbox 1128 2947 1158 3023; x_wconf 83' lang='lat'>8,</span> <span class='ocrx_word' id='word_1_194' title='bbox 1175 2947 1213 3006; x_wconf 87' lang='lat'>12</span> <span class='ocrx_word' id='word_1_195' title='bbox 1237 2942 1342 3024; x_wconf 77' lang='lat' dir='ltr'>capud</span> 
     </span>
    </p>
   </div>
   <div class='ocr_carea' id='block_1_8' title="bbox 249 3049 1463 3134">
    <p class='ocr_par' dir='ltr' id='par_1_8' title="bbox 249 3049 1463 3134">
     <span class='ocr_line' id='line_1_26' title="bbox 249 3049 1463 3134; baseline 0.002 -20"><span class='ocrx_word' id='word_1_196' title='bbox 249 3049 449 3114; x_wconf 81' lang='lat' dir='ltr'>Antiochiam</span> <span class='ocrx_word' id='word_1_197' title='bbox 469 3054 502 3115; x_wconf 91' lang='lat' dir='ltr'>et</span> <span class='ocrx_word' id='word_1_198' title='bbox 526 3051 681 3131; x_wconf 89' lang='lat' dir='ltr'>Daphnen</span> <span class='ocrx_word' id='word_1_199' title='bbox 701 3053 808 3118; x_wconf 77' lang='lat' dir='ltr'>vixit«</span> <span class='ocrx_word' id='word_1_200' title='bbox 835 3052 952 3118; x_wconf 92' lang='lat' dir='ltr'>Verum</span> <span class='ocrx_word' id='word_1_201' title='bbox 969 3053 1075 3134; x_wconf 89' lang='lat' dir='ltr'>ipsum</span> <span class='ocrx_word' id='word_1_202' title='bbox 1095 3052 1135 3116; x_wconf 88' lang='lat' dir='ltr'>ad</span> <span class='ocrx_word' id='word_1_203' title='bbox 1157 3050 1349 3132; x_wconf 83' lang='lat' dir='ltr'>Euphraten</span> <span class='ocrx_word' id='word_1_204' title='bbox 1459 3081 1463 3086; x_wconf 95' lang='lat'>·</span> 
     </span>
    </p>
   </div>
   <div class='ocr_carea' id='block_1_9' title="bbox 249 3157 1354 3896">
    <p class='ocr_par' dir='ltr' id='par_1_9' title="bbox 249 3157 1354 3896">
     <span class='ocr_line' id='line_1_27' title="bbox 249 3157 1346 3242; baseline 0.002 -21"><span class='ocrx_word' id='word_1_205' title='bbox 249 3157 425 3239; x_wconf 84' lang='lat' dir='ltr'>proiectum</span> <span class='ocrx_word' id='word_1_206' title='bbox 447 3177 517 3226; x_wconf 87' lang='lat' dir='ltr'>esse</span> <span class='ocrx_word' id='word_1_207' title='bbox 530 3161 701 3242; x_wconf 82' lang='lat' dir='ltr'>impulsum</span> <span class='ocrx_word' id='word_1_208' title='bbox 718 3161 866 3226; x_wconf 91' lang='lat' dir='ltr'>comitum</span> <span class='ocrx_word' id='word_1_209' title='bbox 888 3179 1016 3226; x_wconf 90' lang='lat' dir='ltr'>suorum</span> <span class='ocrx_word' id='word_1_210' title='bbox 1031 3165 1175 3226; x_wconf 89' lang='lat' dir='ltr'>secutum</span> <span class='ocrx_word' id='word_1_211' title='bbox 1189 3159 1215 3241; x_wconf 71' lang='grc'>2)</span> <span class='ocrx_word' id='word_1_212' title='bbox 1239 3159 1346 3225; x_wconf 87' lang='lat' dir='ltr'>omisit</span> 
     </span>
     <span class='ocr_line' id='line_1_28' title="bbox 250 3266 1350 3348; baseline 0 -15"><span class='ocrx_word' id='word_1_213' title='bbox 250 3266 446 3348; x_wconf 81' lang='lat' dir='ltr'>Capitolinus</span> <span class='ocrx_word' id='word_1_214' title='bbox 481 3269 512 3332; x_wconf 93' lang='lat' dir='ltr'>in</span> <span class='ocrx_word' id='word_1_215' title='bbox 539 3269 605 3334; x_wconf 83' lang='lat' dir='ltr'>vita</span> <span class='ocrx_word' id='word_1_216' title='bbox 629 3270 736 3334; x_wconf 89' lang='lat' dir='ltr'>Marci.</span> <span class='ocrx_word' id='word_1_217' title='bbox 790 3269 872 3347; x_wconf 86' lang='lat' dir='ltr'>Quid</span> <span class='ocrx_word' id='word_1_218' title='bbox 893 3271 952 3335; x_wconf 90' lang='lat' dir='ltr'>sibi</span> <span class='ocrx_word' id='word_1_219' title='bbox 981 3271 1059 3335; x_wconf 86' lang='lat' dir='ltr'>velit</span> <span class='ocrx_word' id='word_1_220' title='bbox 1081 3270 1134 3334; x_wconf 90' lang='lat' dir='ltr'>vit.</span> <span class='ocrx_word' id='word_1_221' title='bbox 1161 3267 1236 3334; x_wconf 91' lang='lat' dir='ltr'>Veri</span> <span class='ocrx_word' id='word_1_222' title='bbox 1257 3271 1286 3346; x_wconf 86' lang='grc'>7,</span> <span class='ocrx_word' id='word_1_223' title='bbox 1310 3273 1350 3333; x_wconf 80' lang='lat'>9:</span> 
     </span>
     <span class='ocr_line' id='line_1_29' title="bbox 252 3375 1353 3460; baseline 0.002 -20"><span class='ocrx_word' id='word_1_224' title='bbox 252 3377 425 3456; x_wconf 72' lang='lat' dir='ltr'>»susceptis</span> <span class='ocrx_word' id='word_1_225' title='bbox 458 3395 477 3440; x_wconf 91' lang='lat' dir='ltr'>a</span> <span class='ocrx_word' id='word_1_226' title='bbox 507 3384 620 3443; x_wconf 87' lang='lat' dir='ltr'>senatu</span> <span class='ocrx_word' id='word_1_227' title='bbox 653 3379 829 3446; x_wconf 87' lang='lat' dir='ltr'>nominibus</span> <span class='ocrx_word' id='word_1_228' title='bbox 851 3385 928 3446; x_wconf 83' lang='lat' dir='ltr'>etc«</span> <span class='ocrx_word' id='word_1_229' title='bbox 970 3377 1081 3460; x_wconf 85' lang='lat' dir='ltr'>patefit</span> <span class='ocrx_word' id='word_1_230' title='bbox 1106 3397 1145 3443; x_wconf 87' lang='lat' dir='ltr'>err</span> <span class='ocrx_word' id='word_1_231' title='bbox 1173 3377 1229 3442; x_wconf 86' lang='lat' dir='ltr'>vit.</span> <span class='ocrx_word' id='word_1_232' title='bbox 1251 3375 1353 3443; x_wconf 89' lang='lat' dir='ltr'>Marci</span> 
     </span>
     <span class='ocr_line' id='line_1_30' title="bbox 253 3483 1354 3568; baseline 0.002 -20"><span class='ocrx_word' id='word_1_233' title='bbox 253 3483 299 3563; x_wconf 84' lang='lat'>12,</span> <span class='ocrx_word' id='word_1_234' title='bbox 325 3488 437 3548; x_wconf 82' lang='grc'><strong>7-11.</strong></span> <span class='ocrx_word' id='word_1_235' title='bbox 479 3484 518 3549; x_wconf 94' lang='lat' dir='ltr'>In</span> <span class='ocrx_word' id='word_1_236' title='bbox 530 3487 623 3550; x_wconf 90' lang='lat' dir='ltr'>Marii</span> <span class='ocrx_word' id='word_1_237' title='bbox 645 3486 776 3552; x_wconf 88' lang='lat' dir='ltr'>Maximi</span> <span class='ocrx_word' id='word_1_238' title='bbox 797 3489 956 3568; x_wconf 88' lang='lat' dir='ltr'>epitomen</span> <span class='ocrx_word' id='word_1_239' title='bbox 970 3487 1087 3552; x_wconf 88' lang='lat' dir='ltr'>inserta</span> <span class='ocrx_word' id='word_1_240' title='bbox 1108 3490 1182 3550; x_wconf 90' lang='lat' dir='ltr'>sunt</span> <span class='ocrx_word' id='word_1_241' title='bbox 1203 3489 1354 3564; x_wconf 85' lang='lat' dir='ltr'>excerpta</span> 
     </span>
     <span class='ocr_line' id='line_1_31' title="bbox 251 3593 1353 3674; baseline 0.003 -18"><span class='ocrx_word' id='word_1_242' title='bbox 251 3598 279 3672; x_wconf 89' lang='grc'>6,</span> <span class='ocrx_word' id='word_1_243' title='bbox 304 3599 385 3658; x_wconf 81' lang='grc'>8-9</span> <span class='ocrx_word' id='word_1_244' title='bbox 406 3600 438 3659; x_wconf 93' lang='lat' dir='ltr'>et</span> <span class='ocrx_word' id='word_1_245' title='bbox 460 3593 596 3660; x_wconf 87' lang='lat' dir='ltr'>fortasse</span> <span class='ocrx_word' id='word_1_246' title='bbox 619 3600 647 3674; x_wconf 82' lang='grc'>7,</span> <span class='ocrx_word' id='word_1_247' title='bbox 671 3599 763 3661; x_wconf 82' lang='grc'><strong>4-5.</strong></span> <span class='ocrx_word' id='word_1_248' title='bbox 818 3596 899 3661; x_wconf 89' lang='lat' dir='ltr'>Nam</span> <span class='ocrx_word' id='word_1_249' title='bbox 922 3600 955 3661; x_wconf 91' lang='lat' dir='ltr'>et</span> <span class='ocrx_word' id='word_1_250' title='bbox 977 3600 1004 3674; x_wconf 86' lang='grc'>6,</span> <span class='ocrx_word' id='word_1_251' title='bbox 1029 3599 1111 3659; x_wconf 82' lang='grc'>8-9</span> <span class='ocrx_word' id='word_1_252' title='bbox 1140 3594 1256 3660; x_wconf 87' lang='lat' dir='ltr'>omissa</span> <span class='ocrx_word' id='word_1_253' title='bbox 1277 3597 1353 3659; x_wconf 91' lang='lat' dir='ltr'>sunt</span> 
     </span>
     <span class='ocr_line' id='line_1_32' title="bbox 250 3702 1352 3770; baseline -0.003 -2"><span class='ocrx_word' id='word_1_254' title='bbox 250 3703 283 3768; x_wconf 94' lang='lat' dir='ltr'>in</span> <span class='ocrx_word' id='word_1_255' title='bbox 305 3703 371 3768; x_wconf 88' lang='lat' dir='ltr'>vita</span> <span class='ocrx_word' id='word_1_256' title='bbox 394 3702 494 3768; x_wconf 88' lang='lat' dir='ltr'>Marci</span> <span class='ocrx_word' id='word_1_257' title='bbox 522 3723 578 3770; x_wconf 91' lang='lat' dir='ltr'>nec</span> <span class='ocrx_word' id='word_1_258' title='bbox 610 3705 757 3770; x_wconf 88' lang='lat' dir='ltr'>credibile</span> <span class='ocrx_word' id='word_1_259' title='bbox 784 3708 833 3770; x_wconf 91' lang='lat' dir='ltr'>est</span> <span class='ocrx_word' id='word_1_260' title='bbox 855 3703 992 3770; x_wconf 89' lang='lat' dir='ltr'>Marium</span> <span class='ocrx_word' id='word_1_261' title='bbox 1024 3703 1198 3768; x_wconf 86' lang='lat' dir='ltr'>Maximum</span> <span class='ocrx_word' id='word_1_262' title='bbox 1233 3702 1352 3767; x_wconf 90' lang='lat' dir='ltr'>bellum</span> 
     </span>
     <span class='ocr_line' id='line_1_33' title="bbox 252 3810 1351 3896; baseline -0.001 -20"><span class='ocrx_word' id='word_1_263' title='bbox 252 3810 435 3876; x_wconf 87' lang='lat' dir='ltr'>Parthicum</span> <span class='ocrx_word' id='word_1_264' title='bbox 469 3812 547 3877; x_wconf 86' lang='lat' dir='ltr'>adeo</span> <span class='ocrx_word' id='word_1_265' title='bbox 575 3831 794 3896; x_wconf 84' lang='lat' dir='ltr'>exaggerasse,</span> <span class='ocrx_word' id='word_1_266' title='bbox 829 3818 865 3878; x_wconf 89' lang='lat' dir='ltr'>ut</span> <span class='ocrx_word' id='word_1_267' title='bbox 898 3814 1048 3879; x_wconf 88' lang='lat' dir='ltr'>scriberet</span> <span class='ocrx_word' id='word_1_268' title='bbox 1076 3813 1218 3894; x_wconf 90' lang='lat' dir='ltr'>legatum</span> <span class='ocrx_word' id='word_1_269' title='bbox 1255 3810 1351 3875; x_wconf 88' lang='lat' dir='ltr'>inter-</span> 
     </span>
    </p>
   </div>
   <div class='ocr_carea' id='block_1_10' title="bbox 248 4072 1347 4346">
    <p class='ocr_par' dir='ltr' id='par_1_10' title="bbox 248 4072 1347 4346">
     <span class='ocr_line' id='line_1_34' title="bbox 354 4072 681 4144; baseline 0.012 -18"><span class='ocrx_word' id='word_1_270' title='bbox 354 4073 379 4144; x_wconf 89' lang='grc'>1)</span> <span class='ocrx_word' id='word_1_271' title='bbox 397 4072 453 4130; x_wconf 81' lang='lat' dir='ltr'>Via.</span> <span class='ocrx_word' id='word_1_272' title='bbox 471 4073 589 4128; x_wconf 82' lang='lat' dir='ltr'>Macrini</span> <span class='ocrx_word' id='word_1_273' title='bbox 611 4076 633 4140; x_wconf 91' lang='lat' dir='ltr'>l,</span> <span class='ocrx_word' id='word_1_274' title='bbox 655 4078 681 4130; x_wconf 81' lang='grc'>3.</span> 
     </span>
     <span class='ocr_line' id='line_1_35' title="bbox 348 4164 1347 4241; baseline -0.003 -18"><span class='ocrx_word' id='word_1_275' title='bbox 348 4169 376 4241; x_wconf 77' lang='lat'>2)</span> <span class='ocrx_word' id='word_1_276' title='bbox 398 4169 565 4240; x_wconf 79' lang='lat' dir='ltr'>»impulsum</span> <span class='ocrx_word' id='word_1_277' title='bbox 583 4170 717 4226; x_wconf 86' lang='lat' dir='ltr'>comitum</span> <span class='ocrx_word' id='word_1_278' title='bbox 735 4187 850 4226; x_wconf 87' lang='lat' dir='ltr'>suorum</span> <span class='ocrx_word' id='word_1_279' title='bbox 876 4171 1002 4224; x_wconf 80' lang='lat' dir='ltr'>secutus«</span> <span class='ocrx_word' id='word_1_280' title='bbox 1022 4165 1196 4226; x_wconf 78' lang='lat' dir='ltr'>Hirschfeldt</span> <span class='ocrx_word' id='word_1_281' title='bbox 1225 4164 1347 4222; x_wconf 84' lang='lat' dir='ltr'>coniecit</span> 
     </span>
     <span class='ocr_line' id='line_1_36' title="bbox 248 4264 1181 4346; baseline -0.002 -25"><span class='ocrx_word' id='word_1_282' title='bbox 248 4283 301 4346; x_wconf 86' lang='lat' dir='ltr'>pro</span> <span class='ocrx_word' id='word_1_283' title='bbox 322 4266 458 4344; x_wconf 79' lang='lat' dir='ltr'>»impulsu</span> <span class='ocrx_word' id='word_1_284' title='bbox 476 4267 610 4327; x_wconf 83' lang='lat' dir='ltr'>comitum</span> <span class='ocrx_word' id='word_1_285' title='bbox 628 4283 741 4324; x_wconf 85' lang='lat' dir='ltr'>suorum</span> <span class='ocrx_word' id='word_1_286' title='bbox 760 4266 897 4326; x_wconf 77' lang='lat' dir='ltr'>secundo«</span> <span class='ocrx_word' id='word_1_287' title='bbox 917 4264 1033 4324; x_wconf 84' lang='lat' dir='ltr'>Hermes</span> <span class='ocrx_word' id='word_1_288' title='bbox 1050 4264 1099 4331; x_wconf 88' lang='grc' dir='ltr'><strong>ΙΙΙ,</strong></span> <span class='ocrx_word' id='word_1_289' title='bbox 1118 4265 1181 4322; x_wconf 78' lang='grc'><strong>230.</strong></span> 
     </span>
    </p>
   </div>
   <div class='ocr_carea' id='block_1_11' title="bbox 0 0 1546 5096">
    <p class='ocr_par' dir='ltr' id='par_1_11' title="bbox 0 0 1546 5096">
     <span class='ocr_line' id='line_1_37' title="bbox 0 0 1546 5096; baseline 0 0"><span class='ocrx_word' id='word_1_290' title='bbox 0 0 1546 5096; x_wconf 95' lang='lat' dir='ltr'> </span> 
     </span>
    </p>
   </div>
  </div>
 </body>
</html>
