3078 5096
703 445 741 506 37

165 632 200 691 ut
221 627 328 692 brevia
350 627 409 693 sibi
431 623 541 692 iecerit
562 632 719 708 excerpta,
744 644 825 706 quas
846 631 879 692 et
900 627 932 691 in
954 625 1109 706 epitomas
1134 623 1205 689 aliis
1226 641 1267 690 ex

166 735 346 802 auctoribus
367 733 470 801 lactas
502 735 652 801 indiderit
671 738 704 800 et
724 735 912 814 quibusdam
928 734 959 798 in
982 733 1139 813 capitibus
1160 736 1267 796 contu-

166 843 245 908 lerit.
289 843 380 908 Talia
410 847 518 909 autem
540 847 692 926 excerpta
715 842 800 924 apud
831 843 953 906 nullum
987 841 1085 907 alium
1117 839 1268 906 historiae

167 953 328 1034 Augustae
360 951 547 1034 scriptorem
587 953 762 1018 invenimus
800 967 901 1030 neque
935 951 1020 1032 opud
1064 948 1266 1029 spartianum

165 1058 207 1142 (in
228 1060 300 1126 vitis
314 1059 478 1139 Hadriani,
494 1060 574 1139 Veri,
597 1059 644 1124 Pii
667 1058 813 1140 aliisque)
828 1076 930 1139 neque
951 1059 1036 1139 apud
1048 1055 1267 1137 Lampridium

164 1171 194 1232 in
215 1169 269 1233 vit.
293 1167 501 1250 Heliogabali,
527 1167 704 1233 Alexandri.
745 1167 882 1233 Etcum
911 1166 988 1232 talia
1022 1166 1172 1246 excerpta
1205 1181 1267 1230 non

165 1276 349 1358 totquidem
367 1281 446 1358 quot
468 1277 499 1340 in
522 1277 587 1342 vita
607 1275 714 1356 Marci,
736 1276 907 1359 compluria
922 1281 1030 1341 tamen
1051 1274 1083 1338 in
1106 1257 1268 1339 Commodi

166 1385 229 1451 vita
252 1386 458 1465 inveniamus,
479 1383 690 1466 Capitolinum
712 1403 783 1452 eam
809 1384 973 1465 scripsisse
995 1383 1140 1448 arbitror.

258 1491 398 1559 Zdrcher
413 1496 436 1572 ¹)
468 1497 561 1575 putat
584 1493 797 1574 Capitolinum
830 1493 895 1572 (vel
919 1491 1156 1586 Lampridium).
1175 1508 1264 1571 prae-

164 1605 212 1667 ter
238 1602 374 1668 Marium
402 1601 579 1667 Maximum
612 1602 645 1666 in
676 1601 841 1667 Commodi
869 1601 935 1666 uita
960 1598 1138 1666 enarranda
1167 1597 1266 1664 Hero·

162 1709 251 1775 diano
273 1728 400 1792 quoquc
422 1711 525 1775 nisum
545 1727 624 1792 esse,
647 1714 680 1776 et
699 1709 849 1776 nonnulla
871 1707 964 1775 affert
985 1707 1156 1773 Herodiani
1172 1707 1266 1772 item·

163 1835 222 1897 que
247 1817 356 1882 Dionis
387 1816 495 1896 verba,
530 1833 612 1898 quae
642 1833 713 1882 cum
744 1815 915 1897 Lampridii
941 1815 1044 1882 verbis
1082 1819 1267 1896 congruunt.

163 1924 256 1991 Cuius
288 1925 477 1990 sententiam
510 1929 596 1992 recte
631 1923 783 1990 refutauit
810 1922 927 1990 Mulier
955 1925 999 2005 (p.
1014 1923 1161 2007 61-70).
1204 1922 1265 1988 Sed

162 2033 275 2099 Miiller
299 2034 395 2097 alium
421 2034 575 2098 commisit
602 2051 741 2100 errorem
764 2033 817 2113 qui
848 2032 946 2098 vitam
969 2031 1132 2097 Commodi
1164 2037 1264 2098 totam

164 2160 179 2205 e
202 2141 302 2208 Mario
327 2141 465 2207 Maximo
489 2159 558 2207 esse
578 2140 911 2224 haustamcoutendit
931 2141 1040 2222 paucis
1062 2146 1187 2206 tantum
1211 2158 1265 2205 ex·

162 2251 259 2330 ceptis
288 2267 371 2329 quae
394 2247 566 2314 diiudicare
596 2266 659 2314 non
681 2250 844 2331 possimus.
888 2247 950 2314 Sed
968 2248 1188 2332 Capitolinum,
1211 2248 1264 2330 qui

163 2361 288 2437 praeter
312 2355 447 2421 Marium
477 2357 691 2440 Maximum²)
720 2357 844 2422 nullum
869 2357 946 2424 citat
974 2363 1152 2436 auctorem,
1181 2375 1263 2424 com·

162 2466 305 2546 pluribus
327 2471 434 2532 lamen
457 2483 548 2531 usum
574 2483 651 2544 esse,
676 2465 785 2532 multis
806 2467 901 2533 rebus
924 2467 1068 2549 cognosci
1089 2473 1204 2548 potest.
1274 2489 1395 2530 naama..

261 2571 474 2655 Capitolinum
503 2575 537 2640 in
565 2576 631 2640 uita
653 2575 814 2640 Commodi
843 2575 981 2641 Marium
1005 2575 1179 2640 Maximum
1210 2594 1264 2657 po·

162 2682 317 2748 tissimum
338 2683 528 2767 epitomasse
560 2685 623 2748 iam
647 2683 763 2751 idcirco
789 2685 956 2751 verisimile
979 2690 1038 2762 est,
1061 2683 1144 2765 quod
1166 2683 1263 2764 scrip·

161 2794 245 2856 bores
266 2791 419 2859 historiae
431 2795 595 2873 Augustae
615 2793 715 2858 Mario
737 2791 876 2858 Maximo
896 2811 992 2875 quam
1015 2795 1187 2858 maximam
1207 2792 1263 2856 ha·

161 2898 234 2964 bent
254 2898 359 2965 fidem.
413 2902 594 2968 Narrantur
615 2903 647 2967 in
677 2903 744 2968 vita
774 2904 805 2984 1)
828 2901 963 2968 eruditio
985 2906 1018 2967 et
1046 2919 1150 2967 mores
1172 2900 1263 2982 pueri

159 3013 280 3086 c.1——l,
298 3015 332 3090 9;
355 3010 386 3094 2)
398 3011 675 3093 muncrahonores
690 3030 796 3080 mores
811 3013 1018 3079 adolescentis
1030 3030 1055 3077 c.
1071 3016 1097 3091 l,
1113 3015 1263 3091 10—2,3;

162 3118 194 3200 3)
217 3120 388 3202 primordia
412 3123 499 3204 regni
521 3141 547 3190 c.
572 3127 605 3203 33
637 3124 670 3204 4)
695 3125 869 3189 coniuratio
891 3124 1033 3190 Lucillae
1065 3130 1094 3202 4,
1121 3126 1210 3198 1-4,
1227 3125 1262 3203 4;

161 3230 191 3312 5)
206 3231 378 3298 crudelitas
389 3231 552 3298 Commodi
563 3235 590 3310 4,
602 3235 692 3314 5-5,
705 3238 758 3313 15;
775 3233 807 3312 6)
820 3233 1000 3314 respublica
1015 3251 1072 3315 per
1086 3231 1263 3313 praefectos

159 3341 391 3422 administrata,
420 3343 595 3423 caedesque
622 3347 819 3423 praetorum,
852 3343 1028 3425 consulum,
1049 3341 1263 3409 consularium

157 3466 183 3513 c.
196 3451 295 3530 6-73
312 3448 346 3533 7)
360 3449 494 3516 honores
510 3450 671 3517 Commodi
686 3471 711 3517 c.
724 3455 761 3532 83
778 3456 811 3531 8)
826 3453 948 3520 insania
962 3451 1114 3534 furorque
1130 3454 1262 3534 impera-

158 3558 244 3624 toris.
268 3559 368 3636 Quam
391 3561 605 3626 narrationem
621 3563 866 3630 totameMario
879 3562 1160 3629 Maximofluxisse
1175 3562 1263 3627 duco.

156 3666 224 3733 Iam
246 3667 391 3736 contendi
413 3670 515 3750 prima
529 3671 614 3736 vitae
634 3672 731 3739 verba
752 3691 769 3738 e
789 3673 891 3739 Mario
903 3672 1043 3738 Maximo
1064 3691 1133 3738 esse
1146 3668 1263 3735 hausta

156 3781 188 3842 et
209 3796 280 3842 cum
303 3778 425 3861 reliqua
447 3781 581 3845 eundem
604 3780 636 3846 in
659 3782 786 3848 modum
809 3785 961 3868 disposita
986 3789 1084 3865 atque
1106 3783 1137 3846 in
1162 3777 1262 3845 Marci

155 3886 221 3952 vita
253 3886 317 3953 sint
349 3894 480 3970 arteque
513 3891 597 3955 inter
619 3909 653 3958 se
685 3891 886 3971 cohaereant,
919 3893 1020 3960 Mario
1043 3892 1184 3959 Maximo
1205 3891 1260 3958 tri·

155 3995 217 4060 buo
242 4000 330 4060 1-9.
374 3997 557 4079 Compluris
573 3999 686 4069 deinde
708 4001 740 4066 in
760 4001 826 4068 vita
848 4001 1011 4069 Commodi
1035 4019 1104 4068 cum
1130 4002 1169 4067 iis
1189 4021 1261 4070 con·

158 4170 354 4178 ———-—--—-

257 4273 281 4341 1)
303 4273 386 4343 Apud
404 4273 547 4345 Bridinger
565 4275 587 4330 Ι.
606 4295 632 4348 p.
644 4279 796 4333 aaa-224.

253 4368 600 4436 ffiffibffibffiz
