3078 5096
704 421 744 483 63

173 604 296 669 senatui
309 601 499 670 interfuisse.
531 603 684 669 Omnibus
695 603 726 666 in
740 602 809 666 vitis
821 603 897 668 iuris
908 603 1133 684 peritissimum
1145 625 1278 688 seprae·

173 713 242 778 buit
257 716 290 777 et
306 731 388 794 quae
405 714 524 778 Romae
541 717 632 795 gesta
648 715 722 777 sunt
739 712 835 776 latius
854 711 1014 777 scribendo
1025 719 1210 794 prosecutus
1219 720 1277 797 est,

174 821 229 886 sed
251 821 485 903 prouinciarum
508 826 627 887 statum
656 821 802 900 bellaque
831 839 948 901 magna
971 837 1065 901 saepe
1092 821 1213 887 incuria
1246 829 1279 889 et

175 929 534 1012 negligentialraetarit.
556 929 828 1009 Deindequamvis
838 933 1046 994 actasenatus
1056 928 1223 1011 diligenter
1234 931 1278 995 in-

175 1038 313 1119 spexisse
331 1037 486 1119 videatur,
509 1038 669 1104 interdum
693 1043 799 1102 tamen
824 1043 1001 1117 temporum
1017 1038 1278 1119 descriptionibus

174 1147 303 1214 erravit.
346 1147 523 1214 Historiam
542 1152 654 1216 autem
680 1148 862 1228 conscripsit
888 1147 967 1210 nrira
990 1148 1129 1226 quadam
1148 1146 1279 1212 Suetoni

175 1256 383 1322 admiratione
410 1257 569 1337 repletus,
598 1273 690 1337 quem
723 1257 770 1320 vel
803 1257 833 1320 in
862 1255 998 1320 minimis
1029 1256 1123 1321 rebus
1151 1259 1277 1322 secutus

177 1368 232 1430 est.
276 1364 358 1430 Nam
382 1362 549 1429 Suetonius
569 1365 706 1446 primurn
732 1363 762 1428 id
786 1363 938 1429 scribendi
960 1382 1059 1444 genus
1082 1365 1209 1442 invenit,
1242 1367 1278 1428 ut

174 1491 236 1537 non
256 1492 313 1555 per
336 1491 444 1547 annos,
469 1473 585 1552 quibus
608 1490 752 1554 quaeque
767 1475 860 1553 gesta
882 1477 988 1537 essent
1010 1492 1061 1538 res
1084 1479 1190 1556 gestas
1205 1492 1277 1538 nar·

175 1586 270 1660 rarat,
304 1581 358 1648 sed
388 1600 483 1645 unam
507 1583 703 1665 eandemque
726 1581 960 1664 dispositionem
984 1584 1130 1649 omnibus
1151 1585 1180 1648 in
1205 1584 1277 1649 vitis

175 1691 386 1756 describendis
399 1693 571 1770 adhiberet,
596 1694 640 1757 ita
664 1698 698 1756 nt
720 1692 853 1773 singulis
877 1692 1031 1774 capitibus
1050 1697 1205 1758 tractaret
1223 1692 1277 1756 bo-

173 1819 275 1878 nores,
300 1801 391 1878 bella,
414 1800 584 1881 congiaria,
607 1816 712 1880 opera,
735 1800 846 1878 edicta,
862 1801 1033 1865 constituta
1047 1798 1146 1880 elea).
1175 1797 1276 1863 Cuius

173 1907 327 1974 scribendi
351 1907 505 1973 rationem
530 1911 594 1972 tam
620 1909 711 1972 anxie
734 1914 766 1973 et
788 1908 938 1974 sollerter
967 1909 1110 1974 imitatus
1139 1912 1188 1972 est
1211 1907 1278 1970 Ma-

173 2016 240 2082 rius
277 2016 447 2094 Maximus,
474 2021 508 2081 ut
538 2017 612 2082 mihi
649 2036 710 2082 non
743 2017 873 2084 dubium
903 2019 944 2082 sit
973 2019 1050 2097 quin
1079 2018 1282 2083 continuator

174 2126 304 2193 Suetoni
335 2125 405 2190 duci
437 2126 542 2190 vellet.
597 2127 745 2191 Fortasse
766 2126 881 2192 librum
911 2127 1036 2209 scripsit
1068 2146 1105 2192 »a
1134 2124 1196 2190 fine
1219 2124 1277 2192 Sn-

173 2237 256 2302 etoni
284 2234 476 2314 Tranquilli«
507 2240 544 2300 ut
565 2234 685 2300 Plinius
717 2235 845 2315 scripsit
877 2254 914 2299 »a
935 2233 996 2300 fine
1029 2233 1132 2301 Aulidi
1153 2234 1276 2300 Bassia.

173 2343 234 2409 Sed
263 2342 390 2410 Suetoni
422 2348 454 2408 et
482 2342 575 2406 Marii
608 2343 738 2408 Maximi
773 2343 928 2409 scribendi
959 2345 1039 2409 ratio
1072 2348 1226 2426 quantum
1257 2361 1276 2406 a

175 2453 242 2518 veri
262 2451 400 2517 historici
423 2449 524 2517 officio
544 2452 637 2532 absit,
666 2453 765 2533 quivis
790 2452 957 2534 intelliget.
1008 2453 1118 2533 Neque
1141 2453 1274 2518 indolem

173 2562 269 2627 animi
290 2579 391 2641 neque
413 2562 528 2642 ingenii
549 2579 651 2626 mores
663 2563 892 2642 imperatorum
909 2563 987 2628 satis
1002 2580 1189 2643 cognoscere
1202 2580 1274 2643 pos-

172 2688 283 2736 sumus
303 2689 343 2736 ex
363 2672 565 2735 eorumvitis.
597 2669 719 2747 Quibus
732 2672 804 2736 vitis
816 2673 938 2738 seducti
949 2678 1024 2738 sunt
1036 2677 1071 2737 ut
1081 2691 1115 2738 se
1127 2678 1218 2754 aptos
1234 2673 1275 2738 ad

176 2778 340 2845 historiam
356 2780 550 2846 scribendam
574 2781 733 2861 ducerent,
755 2783 944 2865 quicumque
971 2783 1009 2846 de
1031 2782 1275 2862 imperatoribus

173 2889 329 2968 quaedam
347 2889 548 2972 collegissent
562 2892 610 2956 vel
621 2889 787 2956 finxissent
798 2891 828 2972 ¹).
857 2891 950 2959 Unde
965 2890 1150 2958 Suetonium
1162 2897 1195 2956 et
1207 2890 1275 2956 Ma·

178 3059 372 3068 -..ῃ-,ὴ

277 3148 303 3216 1)
326 3145 363 3200 Ut
382 3164 468 3200 unum
495 3153 602 3202 tantum
627 3148 784 3218 exemplum
807 3148 929 3218 sfferam;
954 3150 1064 3220 singula
1087 3149 1179 3219 capita
1203 3151 1276 3205 vitae

175 3242 273 3296 Claudi
293 3243 386 3297 verbis
405 3244 552 3312 incipiunt.
572 3247 621 3299 al
644 3246 796 3300 »Patrem«.
816 3250 831 3298 51
847 3246 885 3301 Cl.
905 3251 988 3299 natus
1007 3251 1058 3302 est.
1077 3249 1093 3300 3
1112 3246 1275 3315 disciplinis.

174 3339 338 3399 5Tiberius
356 3344 491 3409 patronus
520 3343 626 3412 petenti
653 3344 817 3398 honores.
843 3344 926 3398 9sed
945 3363 979 3398 ne
999 3343 1214 3397 discriminibus.
1244 3344 1277 3395 10

173 3452 224 3507 per
241 3437 310 3491 haee
328 3438 475 3507 imperium
494 3439 576 3506 cepit.
620 3441 652 3493 12
673 3442 704 3492 ut
724 3440 753 3492 in
778 3443 865 3493 semet
890 3438 1025 3510 augendo,
1058 3440 1090 3492 13
1108 3455 1159 3492 neo
1177 3456 1276 3508 expers

171 3533 353 3587 insidiarium.
375 3536 408 3586 14
428 3533 598 3588 consulat-us.
621 3537 653 3588 15
674 3535 702 3588 in
724 3536 918 3604 cognoscendo
937 3541 1020 3605 alque
1039 3535 1220 3589 decernendo.
1243 3538 1274 3589 17

172 3629 385 3698 expeditionem.
414 3632 447 3683 18
466 3631 543 3684 urbis
563 3647 742 3700 annonaeque
762 3649 865 3687 euram.
895 3636 930 3686 20
949 3650 1041 3700 opere.
1071 3634 1103 3685 21
1123 3630 1275 3700 congiaria.

172 3728 206 3780 24
221 3728 394 3779 ornaments.
414 3727 448 3779 25
463 3730 606 3795 equestres
624 3726 748 3780 militias.
768 3731 802 3782 26
814 3745 939 3796 sponsas.
959 3730 992 3782 27
1007 3727 1275 3781 libertos281iber·

171 3826 273 3877 torum.
306 3823 341 3876 30
359 3824 521 3877 auotoritas.
559 3825 591 3876 31
610 3824 777 3878 valetudine.
809 3826 842 3878 32
861 3825 996 3879 convivia.
1025 3825 1058 3876 33
1078 3824 1134 3878 cibi
1152 3824 1273 3892 vinique.

172 3920 207 3972 34
226 3936 336 3972 saevum
356 3925 407 3973 etc.
428 3922 462 3973 43
483 3919 534 3973 sub
554 3921 630 3972 exitu
648 3920 723 3973 vitae
742 3920 882 3989 siguald
903 3937 987 3974 mors.
1006 3922 1041 3975 46
1060 3921 1213 3988 praesagia.
1231 3921 1275 3974 lta

171 4013 227 4067 ism
245 4015 343 4083 primis
362 4015 535 4084 singulorum
555 4016 678 4087 capitum
692 4018 785 4071 verbis
805 4033 972 4086 cognoscere
991 4033 1138 4085 possumus
1156 4034 1226 4086 quae
1244 4019 1274 4070 in

172 4109 288 4180 singulis
307 4115 430 4167 tractata
448 4113 512 4166 sint.

271 4208 298 4273 2)
319 4206 456 4275 Vopiscus
487 4209 516 4260 in
534 4207 593 4261 vita
607 4207 693 4262 Probi
712 4209 766 4270 2,7
789 4208 915 4261 »etmihi
933 4207 1045 4277 quidem
1060 4206 1090 4260 id
1108 4208 1193 4260 animi
1211 4207 1273 4271 luit,

172 4306 203 4356 ut
221 4320 278 4358 non
296 4302 453 4370 Sallustios,
471 4302 573 4367 Livios‚
593 4303 713 4368 Tacitos,
733 4302 840 4373 Trogos
860 4308 943 4374 atque
962 4321 1058 4359 omnes
1076 4303 1274 4358 disertissimos
