3078 5096
689 407 729 468 45

161 587 286 668 culinis,
319 588 446 668 scurris,
475 586 597 654 libertis
619 587 779 654 Commodi
812 588 946 654 uenditis
976 589 1102 654 disserit
1127 594 1159 656 et
1187 595 1217 671 8,
1241 593 1260 656 8

165 712 288 776 quoqne
308 696 348 762 de
372 695 496 761 libertis
516 697 673 777 quaedam
696 701 834 762 enarrat.
878 696 979 762 Valde
1000 698 1098 777 igitur
1119 695 1260 774 offendit,

161 803 371 886 Capitolinum
395 807 423 883 8,
447 808 526 870 2-7
559 804 599 870 ad
621 805 798 871 auctionem
828 824 934 871 rerum
957 805 1117 872 Commodi
1145 805 1260 872 reverti

161 917 255 994 atque
267 930 433 994 exponere,
448 931 529 993 quae
541 919 653 997 vester,
668 899 804 994 tunicae,
818 913 1009 998 chlamydes,
1025 915 1136 994 cuculi,
1155 919 1258 996 togae,

162 1039 258 1098 arma,
283 1040 370 1102 vasa,
392 1022 545 1101 vehicula,
581 1023 708 1105 aliaque
744 1023 811 1090 eius
838 1025 921 1090 modi
948 1025 1075 1090 vendita
1102 1024 1173 1088 sint.
1219 1024 1261 1090 Et

163 1147 231 1194 cum
258 1130 322 1194 iam
354 1130 388 1194 in
419 1131 517 1198 Marci
550 1133 616 1197 vita
647 1135 736 1212 17,4
769 1131 942 1198 viderimus
967 1132 1023 1196 tali
1055 1133 1087 1198 in
1115 1133 1261 1197 auctione

159 1239 336 1305 enarranda
347 1239 484 1306 Cordum
500 1241 603 1306 oleum
623 1257 815 1322 operamque
827 1241 1000 1322 perdidisse
1022 1240 1073 1322 (ef.
1097 1241 1151 1306 vit.
1165 1240 1260 1306 Gord.

163 1349 211 1426 21,
236 1346 270 1429 4)
292 1365 354 1412 999
378 1353 498 1414 temere
520 1348 639 1416 dictum
663 1355 719 1430 est,
740 1349 766 1416 si
788 1367 805 1413 e
826 1349 928 1414 (londo
950 1348 1034 1413 hunc
1049 1349 1154 1415 locum
1177 1367 1259 1414 ema-

161 1472 251 1522 nasse
274 1460 434 1537 putamus.
479 1455 702 1522 Narrationem
734 1456 886 1524 auctionis
920 1457 1028 1538 incipit
1063 1455 1260 1539 Capitolinus

163 1562 280 1629 verbis:
306 1563 429 1630 »auctio
452 1581 547 1630 sane
566 1563 607 1645 ¹)u
625 1564 858 1645 revertiturque
877 1565 918 1630 ad
932 1565 1067 1631 Marium
1084 1563 1259 1631 Maximum

162 1673 283 1738 verbis:
309 1671 465 1738 »reddidit
485 1679 735 1755 praeterea«

258 1779 441 1864 Compluria
476 1786 626 1863 excerpta
657 1783 689 1848 in
712 1782 804 1848 Marii
825 1783 958 1850 Maximi
992 1784 1150 1866 epitomen
1182 1782 1258 1848 mihi

160 1889 258 1958 indita
286 1907 356 1956 esse
382 1890 530 1956 videntur
552 1909 578 1956 c.
595 1895 623 1971 9,
645 1895 737 1956 4—8.
769 1896 798 1973 9,
820 1896 841 1956 4
863 1910 935 1958 cum
958 1909 994 1957 eo
1024 1896 1147 1974 pugnat
1174 1893 1258 1972 quod

159 1999 280 2066 Marius
303 1999 462 2067 Maximus
483 1999 523 2064 de
544 2000 718 2068 Pertinacis
737 2001 826 2068 bonis
848 2000 957 2067 retulit
982 2007 1008 2078 9,
1032 2004 1062 2080 4,
1084 1998 1136 2064 ubi
1160 2006 1257 2082 negat

158 2106 278 2174 Marius
300 2108 458 2176 Maximus
467 2111 666 2177 Pertinacem
687 2115 797 2176 contra
821 2111 868 2176 ius
889 2109 1000 2189 fasque
1021 2110 1140 2176 alienos
1162 2097 1257 2189 ag'ros

158 2216 216 2282 sibi
250 2217 436 2284 vindicasse.
490 2219 636 2286 Alterum
667 2225 850 2300 excerptum
880 2222 909 2298 9,
941 2223 959 2281 5
994 2217 1095 2284 verbis
1132 2218 1254 2300 incipit:

162 2326 355 2407 »denique
382 2345 421 2392 ex
454 2345 547 2394 versu
570 2328 762 2394 Luciliano«
809 2333 838 2408 9,
861 2331 879 2392 6
906 2328 1019 2393 deinde
1051 2328 1182 2394 tertium
1205 2347 1257 2393 ex-

159 2437 299 2514 cerptum
335 2441 401 2502 est:
441 2437 551 2502 nmulti
584 2443 693 2504 autem
729 2473 768 2482 -
802 2437 983 2514 rettulerat
1026 2437 1088 2500 iam
1128 2437 1258 2504 scimus:

162 2541 313 2606 »multost
339 2545 574 2608 unumtantum
595 2541 773 2622 significare
788 2549 958 2610 auctorem.
994 2542 1150 2619 Quartum
1172 2549 1201 2624 9,
1225 2548 1257 2609 l:

161 2647 463 2729 »deniqueaubito
486 2618 578 2744 divr‘s
592 2655 641 2718 est
660 2651 793 2733 faetus«
813 2652 944 2718 eMarlo
957 2652 1097 2718 Maximo
1108 2652 1259 2718 haustum
1365 2717 1367 2737 ,

157 2773 223 2824 9999
257 2776 319 2824 999
350 2764 463 2841 potest,
495 2761 549 2840 qui
580 2764 652 2838 3,4
682 2763 888 2842 enarraverit,
920 2761 1075 2842 quomodo
1106 2762 1259 2828 Pertinax

158 2865 244 2932 dives
262 2866 367 2934 lactus
391 2869 433 2934 sit
453 2868 504 2948 (el.
520 2886 647 2950 quoqne
669 2875 697 2948 9,
722 2871 764 2952 9).
809 2870 837 2936 U
855 2888 927 2936 rum
949 2875 978 2949 9,
1002 2869 1148 2936 &verbis
1173 2887 1257 2934 »om-

156 2978 248 3044 nibus
271 2997 386 3046 sane«
413 2998 453 3045 an
476 2985 505 3059 9,
526 2985 544 3044 9
567 2981 607 3046 ad
630 2979 768 3048 Marium
792 2980 967 3046 Maximum
998 2983 1180 3045 revertatur
1199 2975 1259 3042 09-

157 3090 306 3171 pitolinus
333 3087 505 3154 diiudicare
532 3091 614 3156 nolo.
658 3089 988 3170 explanasse:
1019 3087 1188 3154 9999111-
1215 3087 1261 3152 di·

156 3198 277 3264 xerint«
314 3202 347 3262 et
374 3199 485 3265 amulti
511 3199 678 3264 dixerunt«
711 3216 728 3262 e
758 3198 860 3264 Mario
881 3198 1021 3266 Maximo
1052 3198 1260 3278 transscripta

157 3323 225 3372 esse
256 3305 335 3374 dneo
368 3304 421 3390 (cf.
443 3306 499 3372 vit.
520 3305 619 3372 Marci
642 3310 691 3384 24,
716 3309 733 3368 3
756 3304 895 3386 099917,
919 3307 962 3389 2).
1007 3307 1123 3372 Utrum
1147 3305 1195 3384 ll,
1222 3310 1259 3370 13

160 3414 268 3480 »multi
295 3432 392 3481 sane
420 3414 546 3482 dicunt«
586 3435 603 3481 e
637 3414 740 3481 Mario
770 3415 911 3482 Maximo
944 3415 1093 3483 fluxerint
1120 3434 1161 3482 an
1197 3415 1259 3480 alio

159 3524 297 3604 quodam
315 3540 354 3588 ex
376 3527 505 3590 auctore
528 3523 700 3590 diiudicare
723 3522 807 3588 nolo.

257 3630 388 3714 09919
408 3631 539 3713 exponit
558 3629 764 3712 Capitolinus,
786 3631 873 3712 quali
903 3630 1000 3697 fuerit
1020 3632 1122 3698 forma
1141 3629 1256 3712 figura·
1268 3648 1366 3691 9999..

156 3756 218 3819 qne
239 3741 378 3820 eorporis
399 3740 562 3818 Pertinax,
585 3745 743 3820 quantum
758 3741 867 3819 ederit,
891 3740 1006 3822 quibus
1016 3742 1119 3825 epulis
1141 3742 1259 3808 amicos

157 3850 322 3931 exceperit,
354 3855 432 3930 quot
451 3847 564 3914 offulas
598 3848 707 3914 amicis
730 3849 858 3927 miserit,
895 3848 1011 3927 quibus
1043 3869 1115 3916 cum
1149 3849 1259 3915 amicis

160 4012 180 4020 ρ-
192 4011 353 4018 --ῌμ-φ-

260 4106 284 4170 l)
301 4102 335 4156 In
351 4103 506 4158 Pertinacis
526 4104 585 4158 rita
604 4103 714 4176 saepius
733 4103 824 4158 utitur
842 4099 1014 4171 Capitolinus
1033 4102 1119 4156 verbo
1142 4116 1256 4153 resne«

156 4200 211 4254 alio
230 4204 344 4254 auctore
362 4217 417 4255 nou
446 4200 572 4256 adhibito
593 4203 619 4268 8,
637 4204 662 4256 5.
682 4201 709 4266 5,
727 4201 752 4253 5.
773 4200 799 4268 6,
818 4202 843 4255 3.
863 4200 888 4261 6,
907 4200 934 4252 6.
952 4199 977 4260 7,
996 4199 1022 4251 2.
1058 4195 1200 4264 Excerpta
1220 4196 1260 4248 in-

155 4295 232 4352 dioat
250 4297 277 4358 8,
295 4297 320 4348 2.
340 4299 365 4363 9,
382 4299 408 4352 8,
431 4299 472 4362 12,
493 4300 519 4351 8.
556 4296 680 4352 Dubium
700 4296 768 4350 mihi
788 4299 831 4353 eet
850 4297 894 4359 11,
917 4296 959 4348 13.
