<?xml version="1.0" encoding="UTF-8"?>
<!DOCTYPE html PUBLIC "-//W3C//DTD XHTML 1.0 Transitional//EN"
    "http://www.w3.org/TR/xhtml1/DTD/xhtml1-transitional.dtd">
<html xmlns="http://www.w3.org/1999/xhtml" xml:lang="en" lang="en">
 <head>
  <title>
</title>
<meta http-equiv="Content-Type" content="text/html;charset=utf-8" />
  <meta name='ocr-system' content='tesseract 3.04.00' />
  <meta name='ocr-capabilities' content='ocr_page ocr_carea ocr_par ocr_line ocrx_word'/>
</head>
<body>
  <div class='ocr_page' id='page_1' title='image "./defontibusqvatv00rbgoog_0064.png"; bbox 0 0 3078 5096; ppageno 0'>
   <div class='ocr_carea' id='block_1_1' title="bbox 688 375 726 435">
    <p class='ocr_par' dir='ltr' id='par_1_1' title="bbox 688 375 726 435">
     <span class='ocr_line' id='line_1_1' title="bbox 688 375 726 435; baseline -0.026 0"><span class='ocrx_word' id='word_1_1' title='bbox 688 375 726 435; x_wconf 83' lang='lat'><strong>55</strong></span> 
     </span>
    </p>
   </div>
   <div class='ocr_carea' id='block_1_2' title="bbox 166 557 1340 4020">
    <p class='ocr_par' dir='ltr' id='par_1_2' title="bbox 166 557 1340 2276">
     <span class='ocr_line' id='line_1_2' title="bbox 167 557 1270 640; baseline 0 -16"><span class='ocrx_word' id='word_1_2' title='bbox 167 559 238 624; x_wconf 88' lang='lat' dir='ltr'><strong>sint.</strong></span> <span class='ocrx_word' id='word_1_3' title='bbox 293 559 412 640; x_wconf 82' lang='lat' dir='ltr'><strong>Oap2</strong></span> <span class='ocrx_word' id='word_1_4' title='bbox 446 560 543 640; x_wconf 83' lang='lat' dir='ltr'><strong>igitur</strong></span> <span class='ocrx_word' id='word_1_5' title='bbox 579 579 679 625; x_wconf 92' lang='lat' dir='ltr'><strong>none</strong></span> <span class='ocrx_word' id='word_1_6' title='bbox 709 559 808 626; x_wconf 89' lang='lat' dir='ltr'><strong>Mario</strong></span> <span class='ocrx_word' id='word_1_7' title='bbox 830 559 988 624; x_wconf 86' lang='lat' dir='ltr'><strong>Maximo·</strong></span> <span class='ocrx_word' id='word_1_8' title='bbox 1003 559 1059 624; x_wconf 89' lang='lat' dir='ltr'><strong>sed</strong></span> <span class='ocrx_word' id='word_1_9' title='bbox 1090 557 1270 626; x_wconf 79' lang='lat' dir='ltr'><strong>fortassee</strong></span> 
     </span>
     <span class='ocr_line' id='line_1_3' title="bbox 166 666 1270 750; baseline 0 -18"><span class='ocrx_word' id='word_1_10' title='bbox 166 666 266 732; x_wconf 78' lang='lat' dir='ltr'><strong>Cordo</strong></span> <span class='ocrx_word' id='word_1_11' title='bbox 300 667 430 734; x_wconf 86' lang='lat' dir='ltr'><strong>fluxisse</strong></span> <span class='ocrx_word' id='word_1_12' title='bbox 461 670 551 735; x_wconf 91' lang='lat' dir='ltr'><strong>duco.</strong></span> <span class='ocrx_word' id='word_1_13' title='bbox 595 668 668 750; x_wconf 83' lang='lat' dir='ltr'><strong>Gap.</strong></span> <span class='ocrx_word' id='word_1_14' title='bbox 695 673 713 731; x_wconf 85' lang='lat'><strong>2</strong></span> <span class='ocrx_word' id='word_1_15' title='bbox 747 689 764 734; x_wconf 92' lang='lat' dir='ltr'><strong>e</strong></span> <span class='ocrx_word' id='word_1_16' title='bbox 797 668 900 734; x_wconf 85' lang='lat' dir='ltr'><strong>Cordo</strong></span> <span class='ocrx_word' id='word_1_17' title='bbox 929 669 1080 735; x_wconf 88' lang='lat' dir='ltr'><strong>haustum</strong></span> <span class='ocrx_word' id='word_1_18' title='bbox 1116 686 1185 734; x_wconf 87' lang='lat' dir='ltr'><strong>esse</strong></span> <span class='ocrx_word' id='word_1_19' title='bbox 1212 686 1270 748; x_wconf 91' lang='lat' dir='ltr'><strong>pro</strong></span> 
     </span>
     <span class='ocr_line' id='line_1_4' title="bbox 167 775 1269 857; baseline -0.001 -16"><span class='ocrx_word' id='word_1_20' title='bbox 167 781 251 841; x_wconf 87' lang='lat' dir='ltr'><strong>certo</strong></span> <span class='ocrx_word' id='word_1_21' title='bbox 274 777 400 857; x_wconf 90' lang='lat' dir='ltr'><strong>quidem</strong></span> <span class='ocrx_word' id='word_1_22' title='bbox 430 775 592 844; x_wconf 85' lang='lat' dir='ltr'><strong>affirmare</strong></span> <span class='ocrx_word' id='word_1_23' title='bbox 624 797 686 842; x_wconf 90' lang='lat' dir='ltr'><strong>non</strong></span> <span class='ocrx_word' id='word_1_24' title='bbox 718 779 827 855; x_wconf 91' lang='lat' dir='ltr'><strong>audeo,</strong></span> <span class='ocrx_word' id='word_1_25' title='bbox 865 777 921 844; x_wconf 92' lang='lat' dir='ltr'><strong>sed</strong></span> <span class='ocrx_word' id='word_1_26' title='bbox 951 778 1013 842; x_wconf 91' lang='lat' dir='ltr'><strong>iam</strong></span> <span class='ocrx_word' id='word_1_27' title='bbox 1049 776 1209 856; x_wconf 83' lang='lat' dir='ltr'><strong>prioribus</strong></span> <span class='ocrx_word' id='word_1_28' title='bbox 1233 777 1269 840; x_wconf 92' lang='lat' dir='ltr'><strong>in</strong></span> 
     </span>
     <span class='ocr_line' id='line_1_5' title="bbox 168 885 1266 970; baseline 0.002 -20"><span class='ocrx_word' id='word_1_29' title='bbox 168 885 240 950; x_wconf 90' lang='lat' dir='ltr'><strong>vitis</strong></span> <span class='ocrx_word' id='word_1_30' title='bbox 262 886 396 952; x_wconf 90' lang='lat' dir='ltr'><strong>vidimus</strong></span> <span class='ocrx_word' id='word_1_31' title='bbox 417 892 545 970; x_wconf 86' lang='lat' dir='ltr'><strong>praeter</strong></span> <span class='ocrx_word' id='word_1_32' title='bbox 559 887 696 952; x_wconf 91' lang='lat' dir='ltr'><strong>Marium</strong></span> <span class='ocrx_word' id='word_1_33' title='bbox 710 886 883 953; x_wconf 85' lang='lat' dir='ltr'><strong>Maximum</strong></span> <span class='ocrx_word' id='word_1_34' title='bbox 898 885 1035 952; x_wconf 83' lang='lat' dir='ltr'><strong>Cordum</strong></span> <span class='ocrx_word' id='word_1_35' title='bbox 1058 886 1266 967; x_wconf 90' lang='lat' dir='ltr'><strong>epitomatum</strong></span> 
     </span>
     <span class='ocr_line' id='line_1_6' title="bbox 167 991 1267 1077; baseline 0.001 -19"><span class='ocrx_word' id='word_1_36' title='bbox 167 1011 246 1072; x_wconf 90' lang='lat' dir='ltr'><strong>esse,</strong></span> <span class='ocrx_word' id='word_1_37' title='bbox 269 993 315 1058; x_wconf 89' lang='lat' dir='ltr'><strong>ita</strong></span> <span class='ocrx_word' id='word_1_38' title='bbox 336 997 372 1057; x_wconf 90' lang='lat' dir='ltr'><strong>ut</strong></span> <span class='ocrx_word' id='word_1_39' title='bbox 393 993 541 1058; x_wconf 80' lang='lat' dir='ltr'><strong>credibile</strong></span> <span class='ocrx_word' id='word_1_40' title='bbox 561 995 611 1072; x_wconf 89' lang='lat' dir='ltr'><strong>sit,</strong></span> <span class='ocrx_word' id='word_1_41' title='bbox 636 992 694 1058; x_wconf 93' lang='lat' dir='ltr'><strong>hoc</strong></span> <span class='ocrx_word' id='word_1_42' title='bbox 716 1011 841 1073; x_wconf 92' lang='lat' dir='ltr'><strong>quoque</strong></span> <span class='ocrx_word' id='word_1_43' title='bbox 863 993 931 1058; x_wconf 88' lang='lat' dir='ltr'><strong>loco</strong></span> <span class='ocrx_word' id='word_1_44' title='bbox 955 991 1092 1056; x_wconf 83' lang='lat' dir='ltr'><strong>Cordum</strong></span> <span class='ocrx_word' id='word_1_45' title='bbox 1114 997 1267 1077; x_wconf 86' lang='lat' dir='ltr'><strong>epitoma-</strong></span> 
     </span>
     <span class='ocr_line' id='line_1_7' title="bbox 168 1101 1268 1184; baseline 0 -18"><span class='ocrx_word' id='word_1_46' title='bbox 168 1107 235 1166; x_wconf 90' lang='lat' dir='ltr'><strong>tnm</strong></span> <span class='ocrx_word' id='word_1_47' title='bbox 259 1119 337 1167; x_wconf 90' lang='lat' dir='ltr'><strong>esse.</strong></span> <span class='ocrx_word' id='word_1_48' title='bbox 368 1101 498 1168; x_wconf 83' lang='lat' dir='ltr'><strong>Accedit</strong></span> <span class='ocrx_word' id='word_1_49' title='bbox 511 1101 552 1182; x_wconf 90' lang='lat' dir='ltr'><strong>id,</strong></span> <span class='ocrx_word' id='word_1_50' title='bbox 578 1102 739 1182; x_wconf 92' lang='lat' dir='ltr'><strong>quodiam</strong></span> <span class='ocrx_word' id='word_1_51' title='bbox 755 1101 881 1182; x_wconf 88' lang='lat' dir='ltr'><strong>saepius</strong></span> <span class='ocrx_word' id='word_1_52' title='bbox 896 1102 1031 1166; x_wconf 89' lang='lat' dir='ltr'><strong>vidimus</strong></span> <span class='ocrx_word' id='word_1_53' title='bbox 1053 1103 1147 1184; x_wconf 90' lang='lat' dir='ltr'><strong>quod,</strong></span> <span class='ocrx_word' id='word_1_54' title='bbox 1169 1121 1194 1168; x_wconf 91' lang='lat' dir='ltr'><strong>c.</strong></span> <span class='ocrx_word' id='word_1_55' title='bbox 1208 1107 1268 1182; x_wconf 82' lang='lat'><strong>2,2</strong></span> 
     </span>
     <span class='ocr_line' id='line_1_8' title="bbox 167 1209 1270 1292; baseline 0.003 -17"><span class='ocrx_word' id='word_1_56' title='bbox 167 1212 279 1290; x_wconf 82' lang='lat' dir='ltr'><strong>contra</strong></span> <span class='ocrx_word' id='word_1_57' title='bbox 290 1209 425 1274; x_wconf 88' lang='lat' dir='ltr'><strong>Marium</strong></span> <span class='ocrx_word' id='word_1_58' title='bbox 440 1209 614 1275; x_wconf 91' lang='lat' dir='ltr'><strong>Maximum</strong></span> <span class='ocrx_word' id='word_1_59' title='bbox 635 1211 788 1292; x_wconf 87' lang='lat' dir='ltr'><strong>scriptum</strong></span> <span class='ocrx_word' id='word_1_60' title='bbox 810 1229 880 1276; x_wconf 90' lang='lat' dir='ltr'><strong>esse</strong></span> <span class='ocrx_word' id='word_1_61' title='bbox 899 1211 1033 1276; x_wconf 86' lang='lat' dir='ltr'><strong>videtur.</strong></span> <span class='ocrx_word' id='word_1_62' title='bbox 1066 1211 1141 1277; x_wconf 86' lang='lat' dir='ltr'><strong>Vita</strong></span> <span class='ocrx_word' id='word_1_63' title='bbox 1162 1210 1270 1278; x_wconf 85' lang='lat' dir='ltr'><strong>Severi</strong></span> 
     </span>
     <span class='ocr_line' id='line_1_9' title="bbox 168 1317 1272 1400; baseline 0.002 -16"><span class='ocrx_word' id='word_1_64' title='bbox 168 1337 293 1400; x_wconf 90' lang='lat' dir='ltr'><strong>quoque</strong></span> <span class='ocrx_word' id='word_1_65' title='bbox 316 1317 512 1398; x_wconf 84' lang='lat' dir='ltr'><strong>conlimatur,</strong></span> <span class='ocrx_word' id='word_1_66' title='bbox 537 1318 619 1400; x_wconf 92' lang='lat' dir='ltr'><strong>qnod</strong></span> <span class='ocrx_word' id='word_1_67' title='bbox 642 1337 674 1400; x_wconf 89' lang='lat' dir='ltr'><strong>p.</strong></span> <span class='ocrx_word' id='word_1_68' title='bbox 688 1324 727 1384; x_wconf 85' lang='grc'><strong>49</strong></span> <span class='ocrx_word' id='word_1_69' title='bbox 750 1319 788 1383; x_wconf 93' lang='lat' dir='ltr'><strong>de</strong></span> <span class='ocrx_word' id='word_1_70' title='bbox 800 1319 967 1400; x_wconf 87' lang='lat' dir='ltr'><strong>Spartiano</strong></span> <span class='ocrx_word' id='word_1_71' title='bbox 982 1318 1128 1384; x_wconf 91' lang='lat' dir='ltr'><strong>diximus.</strong></span> <span class='ocrx_word' id='word_1_72' title='bbox 1150 1319 1272 1386; x_wconf 83' lang='lat' dir='ltr'><strong>Maiore</strong></span> 
     </span>
     <span class='ocr_line' id='line_1_10' title="bbox 169 1427 1270 1512; baseline 0.001 -20"><span class='ocrx_word' id='word_1_73' title='bbox 169 1446 238 1493; x_wconf 91' lang='lat' dir='ltr'><strong>cum</strong></span> <span class='ocrx_word' id='word_1_74' title='bbox 261 1447 337 1494; x_wconf 88' lang='lat' dir='ltr'><strong>cura</strong></span> <span class='ocrx_word' id='word_1_75' title='bbox 357 1427 532 1511; x_wconf 81' lang='lat' dir='ltr'><strong>Capitolino</strong></span> <span class='ocrx_word' id='word_1_76' title='bbox 555 1428 737 1510; x_wconf 79' lang='lat' dir='ltr'><strong>compilavit</strong></span> <span class='ocrx_word' id='word_1_77' title='bbox 760 1430 850 1495; x_wconf 89' lang='lat' dir='ltr'><strong>vitas.</strong></span> <span class='ocrx_word' id='word_1_78' title='bbox 896 1428 973 1494; x_wconf 82' lang='lat' dir='ltr'><strong>Cum</strong></span> <span class='ocrx_word' id='word_1_79' title='bbox 998 1429 1154 1512; x_wconf 80' lang='lat' dir='ltr'><strong>epitomae</strong></span> <span class='ocrx_word' id='word_1_80' title='bbox 1176 1429 1270 1496; x_wconf 87' lang='lat' dir='ltr'><strong>Marii</strong></span> 
     </span>
     <span class='ocr_line' id='line_1_11' title="bbox 167 1537 1270 1621; baseline 0.002 -19"><span class='ocrx_word' id='word_1_81' title='bbox 167 1537 298 1604; x_wconf 87' lang='lat' dir='ltr'><strong>Maximi</strong></span> <span class='ocrx_word' id='word_1_82' title='bbox 319 1559 359 1604; x_wconf 90' lang='lat' dir='ltr'><strong>ex</strong></span> <span class='ocrx_word' id='word_1_83' title='bbox 380 1537 441 1604; x_wconf 94' lang='lat' dir='ltr'><strong>alio</strong></span> <span class='ocrx_word' id='word_1_84' title='bbox 466 1544 595 1604; x_wconf 88' lang='lat' dir='ltr'><strong>auctora</strong></span> <span class='ocrx_word' id='word_1_85' title='bbox 621 1541 779 1619; x_wconf 85' lang='lat' dir='ltr'><strong>quaedam</strong></span> <span class='ocrx_word' id='word_1_86' title='bbox 802 1539 964 1616; x_wconf 88' lang='lat' dir='ltr'><strong>insereret,</strong></span> <span class='ocrx_word' id='word_1_87' title='bbox 988 1537 1093 1606; x_wconf 92' lang='lat' dir='ltr'><strong>omisit</strong></span> <span class='ocrx_word' id='word_1_88' title='bbox 1114 1557 1163 1621; x_wconf 91' lang='lat' dir='ltr'><strong>ea,</strong></span> <span class='ocrx_word' id='word_1_89' title='bbox 1188 1557 1270 1618; x_wconf 89' lang='lat' dir='ltr'><strong>quae</strong></span> 
     </span>
     <span class='ocr_line' id='line_1_12' title="bbox 168 1645 1340 1728; baseline -0.003 -12"><span class='ocrx_word' id='word_1_90' title='bbox 168 1651 289 1716; x_wconf 90' lang='lat' dir='ltr'><strong>Marius</strong></span> <span class='ocrx_word' id='word_1_91' title='bbox 323 1649 482 1714; x_wconf 85' lang='lat' dir='ltr'><strong>Maximus</strong></span> <span class='ocrx_word' id='word_1_92' title='bbox 519 1648 558 1713; x_wconf 91' lang='lat' dir='ltr'><strong>dc</strong></span> <span class='ocrx_word' id='word_1_93' title='bbox 589 1647 700 1714; x_wconf 91' lang='lat' dir='ltr'><strong>eadem</strong></span> <span class='ocrx_word' id='word_1_94' title='bbox 742 1666 776 1712; x_wconf 94' lang='lat' dir='ltr'><strong>re</strong></span> <span class='ocrx_word' id='word_1_95' title='bbox 809 1648 932 1726; x_wconf 88' lang='lat' dir='ltr'><strong>retulit,</strong></span> <span class='ocrx_word' id='word_1_96' title='bbox 971 1665 1041 1712; x_wconf 91' lang='lat' dir='ltr'><strong>eum</strong></span> <span class='ocrx_word' id='word_1_97' title='bbox 1077 1645 1272 1728; x_wconf 80' lang='lat' dir='ltr'><strong>Capitolinus</strong></span> <span class='ocrx_word' id='word_1_98' title='bbox 1338 1655 1340 1660; x_wconf 85' lang='lat'>&#39;</span> 
     </span>
     <span class='ocr_line' id='line_1_13' title="bbox 169 1756 1272 1840; baseline -0.002 -16"><span class='ocrx_word' id='word_1_99' title='bbox 169 1761 208 1824; x_wconf 92' lang='lat' dir='ltr'><strong>de</strong></span> <span class='ocrx_word' id='word_1_100' title='bbox 232 1777 295 1823; x_wconf 91' lang='lat' dir='ltr'><strong>una</strong></span> <span class='ocrx_word' id='word_1_101' title='bbox 331 1759 503 1840; x_wconf 90' lang='lat' dir='ltr'><strong>eademque</strong></span> <span class='ocrx_word' id='word_1_102' title='bbox 535 1777 571 1822; x_wconf 91' lang='lat' dir='ltr'><strong>re</strong></span> <span class='ocrx_word' id='word_1_103' title='bbox 598 1758 679 1824; x_wconf 91' lang='lat' dir='ltr'><strong>duos</strong></span> <span class='ocrx_word' id='word_1_104' title='bbox 718 1759 856 1823; x_wconf 88' lang='lat' dir='ltr'><strong>veltres</strong></span> <span class='ocrx_word' id='word_1_105' title='bbox 888 1758 972 1823; x_wconf 89' lang='lat' dir='ltr'><strong>inter</strong></span> <span class='ocrx_word' id='word_1_106' title='bbox 998 1776 1032 1824; x_wconf 86' lang='lat' dir='ltr'><strong>se</strong></span> <span class='ocrx_word' id='word_1_107' title='bbox 1055 1756 1272 1838; x_wconf 79' lang='lat' dir='ltr'><strong>discrepantes</strong></span> 
     </span>
     <span class='ocr_line' id='line_1_14' title="bbox 170 1865 1270 1950; baseline 0.001 -18"><span class='ocrx_word' id='word_1_108' title='bbox 170 1871 315 1934; x_wconf 87' lang='lat' dir='ltr'><strong>auctores</strong></span> <span class='ocrx_word' id='word_1_109' title='bbox 351 1869 580 1950; x_wconf 89' lang='lat' dir='ltr'><strong>epitomaverit.</strong></span> <span class='ocrx_word' id='word_1_110' title='bbox 636 1867 707 1933; x_wconf 86' lang='lat' dir='ltr'><strong>Non</strong></span> <span class='ocrx_word' id='word_1_111' title='bbox 742 1869 824 1932; x_wconf 93' lang='lat' dir='ltr'><strong>enim</strong></span> <span class='ocrx_word' id='word_1_112' title='bbox 855 1866 963 1932; x_wconf 87' lang='lat' dir='ltr'><strong>retulit</strong></span> <span class='ocrx_word' id='word_1_113' title='bbox 999 1865 1189 1947; x_wconf 83' lang='lat' dir='ltr'><strong>Spartianus</strong></span> <span class='ocrx_word' id='word_1_114' title='bbox 1224 1884 1270 1946; x_wconf 86' lang='lat' dir='ltr'><strong>ea,</strong></span> 
     </span>
     <span class='ocr_line' id='line_1_15' title="bbox 168 1974 1273 2066; baseline -0.001 -26"><span class='ocrx_word' id='word_1_115' title='bbox 168 1995 250 2057; x_wconf 89' lang='lat' dir='ltr'><strong>quae</strong></span> <span class='ocrx_word' id='word_1_116' title='bbox 273 1975 393 2044; x_wconf 86' lang='lat' dir='ltr'><strong>Marius</strong></span> <span class='ocrx_word' id='word_1_117' title='bbox 423 1976 578 2042; x_wconf 85' lang='lat' dir='ltr'><strong>Maximus</strong></span> <span class='ocrx_word' id='word_1_118' title='bbox 611 1977 650 2042; x_wconf 90' lang='lat' dir='ltr'><strong>da</strong></span> <span class='ocrx_word' id='word_1_119' title='bbox 684 1976 778 2042; x_wconf 90' lang='lat' dir='ltr'><strong>rebus</strong></span> <span class='ocrx_word' id='word_1_120' title='bbox 812 1995 830 2039; x_wconf 92' lang='lat' dir='ltr'><strong>a</strong></span> <span class='ocrx_word' id='word_1_121' title='bbox 867 1974 982 2041; x_wconf 86' lang='lat' dir='ltr'><strong>Severo</strong></span> <span class='ocrx_word' id='word_1_122' title='bbox 1014 1975 1113 2056; x_wconf 82' lang='lat' dir='ltr'><strong>gestis</strong></span> <span class='ocrx_word' id='word_1_123' title='bbox 1148 1974 1220 2066; x_wconf 89' lang='lat' dir='ltr'><strong>inde</strong></span> <span class='ocrx_word' id='word_1_124' title='bbox 1253 1992 1273 2039; x_wconf 89' lang='lat' dir='ltr'><strong>a</strong></span> 
     </span>
     <span class='ocr_line' id='line_1_16' title="bbox 169 2083 1273 2169; baseline 0 -19"><span class='ocrx_word' id='word_1_125' title='bbox 169 2087 272 2169; x_wconf 91' lang='lat' dir='ltr'><strong>prima</strong></span> <span class='ocrx_word' id='word_1_126' title='bbox 303 2086 516 2152; x_wconf 86' lang='lat' dir='ltr'><strong>adulescentia</strong></span> <span class='ocrx_word' id='word_1_127' title='bbox 539 2104 640 2166; x_wconf 90' lang='lat' dir='ltr'><strong>usque</strong></span> <span class='ocrx_word' id='word_1_128' title='bbox 671 2085 712 2151; x_wconf 93' lang='lat' dir='ltr'><strong>ad</strong></span> <span class='ocrx_word' id='word_1_129' title='bbox 744 2085 936 2150; x_wconf 88' lang='lat' dir='ltr'><strong>tricesimum</strong></span> <span class='ocrx_word' id='word_1_130' title='bbox 962 2086 1133 2151; x_wconf 90' lang='lat' dir='ltr'><strong>secundum</strong></span> <span class='ocrx_word' id='word_1_131' title='bbox 1156 2083 1273 2150; x_wconf 87' lang='lat' dir='ltr'><strong>aetatis</strong></span> 
     </span>
     <span class='ocr_line' id='line_1_17' title="bbox 170 2191 1223 2276; baseline -0.004 -18"><span class='ocrx_word' id='word_1_132' title='bbox 170 2213 288 2260; x_wconf 88' lang='lat' dir='ltr'><strong>annum</strong></span> <span class='ocrx_word' id='word_1_133' title='bbox 311 2195 482 2274; x_wconf 87' lang='lat' dir='ltr'><strong>enarravit,</strong></span> <span class='ocrx_word' id='word_1_134' title='bbox 497 2213 554 2275; x_wconf 92' lang='lat' dir='ltr'><strong>pro</strong></span> <span class='ocrx_word' id='word_1_135' title='bbox 575 2194 690 2276; x_wconf 87' lang='lat' dir='ltr'><strong>quibus</strong></span> <span class='ocrx_word' id='word_1_136' title='bbox 706 2194 768 2258; x_wconf 90' lang='lat' dir='ltr'><strong>alio</strong></span> <span class='ocrx_word' id='word_1_137' title='bbox 791 2211 830 2258; x_wconf 91' lang='lat' dir='ltr'><strong>ex</strong></span> <span class='ocrx_word' id='word_1_138' title='bbox 844 2197 973 2259; x_wconf 88' lang='lat' dir='ltr'><strong>auctore</strong></span> <span class='ocrx_word' id='word_1_139' title='bbox 987 2191 1100 2259; x_wconf 86' lang='lat' dir='ltr'><strong>indidit</strong></span> <span class='ocrx_word' id='word_1_140' title='bbox 1114 2211 1184 2274; x_wconf 89' lang='lat' dir='ltr'><strong>cap.</strong></span> <span class='ocrx_word' id='word_1_141' title='bbox 1195 2195 1223 2254; x_wconf 82' lang='lat'><strong>2.</strong></span> 
     </span>
    </p>

    <p class='ocr_par' dir='ltr' id='par_1_3' title="bbox 167 2301 1273 2916">
     <span class='ocr_line' id='line_1_18' title="bbox 269 2301 1271 2383; baseline -0.002 -15"><span class='ocrx_word' id='word_1_142' title='bbox 269 2302 302 2370; x_wconf 80' lang='grc' dir='ltr'><strong>Ο,</strong></span> <span class='ocrx_word' id='word_1_143' title='bbox 328 2307 374 2382; x_wconf 84' lang='grc'><strong>18,</strong></span> <span class='ocrx_word' id='word_1_144' title='bbox 388 2307 491 2366; x_wconf 82' lang='grc'><strong>7-10</strong></span> <span class='ocrx_word' id='word_1_145' title='bbox 512 2303 625 2370; x_wconf 90' lang='lat' dir='ltr'><strong>deinde</strong></span> <span class='ocrx_word' id='word_1_146' title='bbox 648 2304 767 2369; x_wconf 90' lang='lat' dir='ltr'><strong>maiore</strong></span> <span class='ocrx_word' id='word_1_147' title='bbox 796 2321 867 2368; x_wconf 93' lang='lat' dir='ltr'><strong>cum</strong></span> <span class='ocrx_word' id='word_1_148' title='bbox 889 2301 1004 2368; x_wconf 88' lang='lat' dir='ltr'><strong>fiducia</strong></span> <span class='ocrx_word' id='word_1_149' title='bbox 1025 2301 1126 2369; x_wconf 81' lang='lat' dir='ltr'><strong>Cordo</strong></span> <span class='ocrx_word' id='word_1_150' title='bbox 1157 2301 1271 2383; x_wconf 89' lang='lat' dir='ltr'><strong>tribuo,</strong></span> 
     </span>
     <span class='ocr_line' id='line_1_19' title="bbox 168 2411 1272 2494; baseline 0.001 -17"><span class='ocrx_word' id='word_1_151' title='bbox 168 2412 221 2477; x_wconf 92' lang='lat' dir='ltr'><strong>ubi</strong></span> <span class='ocrx_word' id='word_1_152' title='bbox 236 2413 316 2480; x_wconf 90' lang='lat' dir='ltr'><strong>talia</strong></span> <span class='ocrx_word' id='word_1_153' title='bbox 331 2411 518 2493; x_wconf 86' lang='lat' dir='ltr'><strong>afferuntur,</strong></span> <span class='ocrx_word' id='word_1_154' title='bbox 541 2414 649 2492; x_wconf 90' lang='lat' dir='ltr'><strong>qualia</strong></span> <span class='ocrx_word' id='word_1_155' title='bbox 669 2433 688 2478; x_wconf 91' lang='lat' dir='ltr'><strong>a</strong></span> <span class='ocrx_word' id='word_1_156' title='bbox 702 2411 803 2479; x_wconf 83' lang='lat' dir='ltr'><strong>Cordo</strong></span> <span class='ocrx_word' id='word_1_157' title='bbox 825 2413 864 2480; x_wconf 90' lang='lat' dir='ltr'><strong>de</strong></span> <span class='ocrx_word' id='word_1_158' title='bbox 882 2413 1015 2494; x_wconf 85' lang='lat' dir='ltr'><strong>singulis</strong></span> <span class='ocrx_word' id='word_1_159' title='bbox 1028 2411 1272 2494; x_wconf 88' lang='lat' dir='ltr'><strong>imperatoribus</strong></span> 
     </span>
     <span class='ocr_line' id='line_1_20' title="bbox 168 2519 1271 2603; baseline 0.001 -18"><span class='ocrx_word' id='word_1_160' title='bbox 168 2527 317 2587; x_wconf 88' lang='lat' dir='ltr'><strong>enarrata</strong></span> <span class='ocrx_word' id='word_1_161' title='bbox 335 2540 405 2586; x_wconf 88' lang='lat' dir='ltr'><strong>esse</strong></span> <span class='ocrx_word' id='word_1_162' title='bbox 427 2521 568 2588; x_wconf 89' lang='lat' dir='ltr'><strong>sciamus.</strong></span> <span class='ocrx_word' id='word_1_163' title='bbox 614 2523 719 2603; x_wconf 87' lang='lat' dir='ltr'><strong>Atque</strong></span> <span class='ocrx_word' id='word_1_164' title='bbox 739 2520 799 2586; x_wconf 91' lang='lat' dir='ltr'><strong>hoc</strong></span> <span class='ocrx_word' id='word_1_165' title='bbox 820 2521 886 2587; x_wconf 94' lang='lat' dir='ltr'><strong>loco</strong></span> <span class='ocrx_word' id='word_1_166' title='bbox 900 2519 1088 2603; x_wconf 84' lang='lat' dir='ltr'><strong>Spartianus</strong></span> <span class='ocrx_word' id='word_1_167' title='bbox 1111 2521 1215 2586; x_wconf 88' lang='lat' dir='ltr'><strong>omisit</strong></span> <span class='ocrx_word' id='word_1_168' title='bbox 1238 2539 1271 2586; x_wconf 92' lang='lat' dir='ltr'><strong>se</strong></span> 
     </span>
     <span class='ocr_line' id='line_1_21' title="bbox 167 2629 1271 2713; baseline 0 -19"><span class='ocrx_word' id='word_1_169' title='bbox 167 2631 230 2696; x_wconf 88' lang='lat' dir='ltr'><strong>iam</strong></span> <span class='ocrx_word' id='word_1_170' title='bbox 252 2629 354 2696; x_wconf 90' lang='lat' dir='ltr'><strong>Mario</strong></span> <span class='ocrx_word' id='word_1_171' title='bbox 368 2631 508 2696; x_wconf 91' lang='lat' dir='ltr'><strong>Maximo</strong></span> <span class='ocrx_word' id='word_1_172' title='bbox 529 2631 607 2696; x_wconf 91' lang='lat' dir='ltr'><strong>duce</strong></span> <span class='ocrx_word' id='word_1_173' title='bbox 623 2631 815 2713; x_wconf 88' lang='lat' dir='ltr'><strong>exposuisse,</strong></span> <span class='ocrx_word' id='word_1_174' title='bbox 839 2630 932 2710; x_wconf 85' lang='lat' dir='ltr'><strong>quale</strong></span> <span class='ocrx_word' id='word_1_175' title='bbox 943 2630 1105 2696; x_wconf 88' lang='lat' dir='ltr'><strong>hominum</strong></span> <span class='ocrx_word' id='word_1_176' title='bbox 1122 2630 1271 2696; x_wconf 90' lang='lat' dir='ltr'><strong>iudicium</strong></span> 
     </span>
     <span class='ocr_line' id='line_1_22' title="bbox 169 2737 1273 2823; baseline 0.002 -19"><span class='ocrx_word' id='word_1_177' title='bbox 169 2739 207 2804; x_wconf 91' lang='lat' dir='ltr'><strong>de</strong></span> <span class='ocrx_word' id='word_1_178' title='bbox 229 2738 343 2806; x_wconf 89' lang='lat' dir='ltr'><strong>Severo</strong></span> <span class='ocrx_word' id='word_1_179' title='bbox 365 2737 462 2806; x_wconf 87' lang='lat' dir='ltr'><strong>fuerit</strong></span> <span class='ocrx_word' id='word_1_180' title='bbox 484 2741 547 2822; x_wconf 84' lang='grc'><strong>(18,</strong></span> <span class='ocrx_word' id='word_1_181' title='bbox 561 2739 593 2823; x_wconf 87' lang='lat'><strong>6)</strong></span> <span class='ocrx_word' id='word_1_182' title='bbox 616 2745 649 2806; x_wconf 91' lang='lat' dir='ltr'><strong>et</strong></span> <span class='ocrx_word' id='word_1_183' title='bbox 672 2760 689 2804; x_wconf 93' lang='lat' dir='ltr'><strong>e</strong></span> <span class='ocrx_word' id='word_1_184' title='bbox 710 2739 812 2805; x_wconf 78' lang='lat' dir='ltr'><strong>Cordo</strong></span> <span class='ocrx_word' id='word_1_185' title='bbox 834 2740 937 2805; x_wconf 88' lang='lat' dir='ltr'><strong>denuo</strong></span> <span class='ocrx_word' id='word_1_186' title='bbox 957 2737 1050 2805; x_wconf 87' lang='lat' dir='ltr'><strong>affert</strong></span> <span class='ocrx_word' id='word_1_187' title='bbox 1075 2743 1192 2819; x_wconf 83' lang='lat' dir='ltr'><strong>lo,10:</strong></span> <span class='ocrx_word' id='word_1_188' title='bbox 1217 2757 1273 2805; x_wconf 80' lang='lat' dir='ltr'><strong>iac</strong></span> 
     </span>
     <span class='ocr_line' id='line_1_23' title="bbox 168 2849 549 2916; baseline -0.01 -4"><span class='ocrx_word' id='word_1_189' title='bbox 168 2849 303 2914; x_wconf 91' lang='lat' dir='ltr'><strong>multum</strong></span> <span class='ocrx_word' id='word_1_190' title='bbox 326 2853 451 2914; x_wconf 88' lang='lat' dir='ltr'><strong>amatus</strong></span> <span class='ocrx_word' id='word_1_191' title='bbox 471 2854 549 2916; x_wconf 79' lang='lat' dir='ltr'><strong>etc«</strong></span> 
     </span>
    </p>

    <p class='ocr_par' dir='ltr' id='par_1_4' title="bbox 168 2956 1274 4020">
     <span class='ocr_line' id='line_1_24' title="bbox 270 2956 1272 3040; baseline 0.002 -19"><span class='ocrx_word' id='word_1_192' title='bbox 270 2956 303 3023; x_wconf 85' lang='lat' dir='ltr'><strong>C.</strong></span> <span class='ocrx_word' id='word_1_193' title='bbox 330 2961 369 3022; x_wconf 81' lang='lat'><strong>20</strong></span> <span class='ocrx_word' id='word_1_194' title='bbox 383 2962 415 3023; x_wconf 91' lang='lat' dir='ltr'><strong>et</strong></span> <span class='ocrx_word' id='word_1_195' title='bbox 431 2962 468 3021; x_wconf 80' lang='lat'><strong>21</strong></span> <span class='ocrx_word' id='word_1_196' title='bbox 491 2957 680 3040; x_wconf 84' lang='lat' dir='ltr'><strong>Spartianus</strong></span> <span class='ocrx_word' id='word_1_197' title='bbox 702 2957 1004 3024; x_wconf 88' lang='lat' dir='ltr'><strong>considerationibus</strong></span> <span class='ocrx_word' id='word_1_198' title='bbox 1026 2956 1170 3037; x_wconf 90' lang='lat' dir='ltr'><strong>replevit,</strong></span> <span class='ocrx_word' id='word_1_199' title='bbox 1193 2974 1272 3038; x_wconf 91' lang='lat' dir='ltr'><strong>quas</strong></span> 
     </span>
     <span class='ocr_line' id='line_1_25' title="bbox 168 3065 1271 3147; baseline -0.001 -16"><span class='ocrx_word' id='word_1_200' title='bbox 168 3068 207 3132; x_wconf 91' lang='lat' dir='ltr'><strong>de</strong></span> <span class='ocrx_word' id='word_1_201' title='bbox 231 3065 304 3132; x_wconf 87' lang='lat' dir='ltr'><strong>filiis</strong></span> <span class='ocrx_word' id='word_1_202' title='bbox 328 3067 485 3134; x_wconf 88' lang='lat' dir='ltr'><strong>clarorum</strong></span> <span class='ocrx_word' id='word_1_203' title='bbox 511 3068 674 3133; x_wconf 90' lang='lat' dir='ltr'><strong>bominum</strong></span> <span class='ocrx_word' id='word_1_204' title='bbox 696 3067 817 3133; x_wconf 91' lang='lat' dir='ltr'><strong>babuit.</strong></span> <span class='ocrx_word' id='word_1_205' title='bbox 853 3065 1040 3147; x_wconf 83' lang='lat' dir='ltr'><strong>Spartianus</strong></span> <span class='ocrx_word' id='word_1_206' title='bbox 1061 3065 1184 3131; x_wconf 87' lang='lat' dir='ltr'><strong>studuit</strong></span> <span class='ocrx_word' id='word_1_207' title='bbox 1203 3065 1271 3146; x_wconf 91' lang='lat' dir='ltr'><strong>qui-</strong></span> 
     </span>
     <span class='ocr_line' id='line_1_26' title="bbox 169 3172 1269 3258; baseline 0.001 -19"><span class='ocrx_word' id='word_1_208' title='bbox 169 3175 239 3240; x_wconf 90' lang='lat' dir='ltr'><strong>dem</strong></span> <span class='ocrx_word' id='word_1_209' title='bbox 261 3175 456 3242; x_wconf 90' lang='lat' dir='ltr'><strong>Diocletiano</strong></span> <span class='ocrx_word' id='word_1_210' title='bbox 477 3178 643 3242; x_wconf 88' lang='lat' dir='ltr'><strong>ostendere</strong></span> <span class='ocrx_word' id='word_1_211' title='bbox 657 3177 689 3257; x_wconf 84' lang='lat'><strong>¹),</strong></span> <span class='ocrx_word' id='word_1_212' title='bbox 724 3195 758 3242; x_wconf 93' lang='lat' dir='ltr'><strong>se</strong></span> <span class='ocrx_word' id='word_1_213' title='bbox 780 3193 930 3258; x_wconf 84' lang='lat' dir='ltr'><strong>magnum</strong></span> <span class='ocrx_word' id='word_1_214' title='bbox 960 3193 1029 3240; x_wconf 86' lang='lat' dir='ltr'><strong>esse</strong></span> <span class='ocrx_word' id='word_1_215' title='bbox 1051 3172 1269 3256; x_wconf 89' lang='lat' dir='ltr'><strong>philosophum</strong></span> 
     </span>
     <span class='ocr_line' id='line_1_27' title="bbox 169 3283 1272 3367; baseline -0.002 -18"><span class='ocrx_word' id='word_1_216' title='bbox 169 3289 201 3349; x_wconf 87' lang='lat' dir='ltr'><strong>et</strong></span> <span class='ocrx_word' id='word_1_217' title='bbox 223 3283 375 3350; x_wconf 87' lang='lat' dir='ltr'><strong>historiae</strong></span> <span class='ocrx_word' id='word_1_218' title='bbox 397 3286 630 3367; x_wconf 88' lang='lat' dir='ltr'><strong>peritissimum,</strong></span> <span class='ocrx_word' id='word_1_219' title='bbox 662 3305 733 3351; x_wconf 91' lang='lat' dir='ltr'><strong>eum</strong></span> <span class='ocrx_word' id='word_1_220' title='bbox 756 3304 795 3350; x_wconf 90' lang='lat' dir='ltr'><strong>ex</strong></span> <span class='ocrx_word' id='word_1_221' title='bbox 814 3284 949 3352; x_wconf 90' lang='lat' dir='ltr'><strong>historia</strong></span> <span class='ocrx_word' id='word_1_222' title='bbox 978 3284 1197 3350; x_wconf 90' lang='lat' dir='ltr'><strong>demonstrare</strong></span> <span class='ocrx_word' id='word_1_223' title='bbox 1223 3301 1272 3348; x_wconf 88' lang='lat' dir='ltr'><strong>co-</strong></span> 
     </span>
     <span class='ocr_line' id='line_1_28' title="bbox 169 3389 1272 3476; baseline -0.005 -18"><span class='ocrx_word' id='word_1_224' title='bbox 169 3397 263 3460; x_wconf 93' lang='lat' dir='ltr'><strong>netur</strong></span> <span class='ocrx_word' id='word_1_225' title='bbox 285 3393 460 3460; x_wconf 77' lang='lat' dir='ltr'><strong>»neminem</strong></span> <span class='ocrx_word' id='word_1_226' title='bbox 482 3411 580 3474; x_wconf 90' lang='lat' dir='ltr'><strong>prope</strong></span> <span class='ocrx_word' id='word_1_227' title='bbox 604 3413 791 3476; x_wconf 81' lang='lat' dir='ltr'><strong>magnorum</strong></span> <span class='ocrx_word' id='word_1_228' title='bbox 820 3396 960 3459; x_wconf 91' lang='lat' dir='ltr'><strong>virorum</strong></span> <span class='ocrx_word' id='word_1_229' title='bbox 981 3393 1134 3474; x_wconf 88' lang='lat' dir='ltr'><strong>optimum</strong></span> <span class='ocrx_word' id='word_1_230' title='bbox 1159 3397 1190 3456; x_wconf 88' lang='lat' dir='ltr'><strong>et</strong></span> <span class='ocrx_word' id='word_1_231' title='bbox 1211 3389 1272 3454; x_wconf 92' lang='lat' dir='ltr'><strong>uti·</strong></span> 
     </span>
     <span class='ocr_line' id='line_1_29' title="bbox 169 3500 1274 3588; baseline -0.005 -19"><span class='ocrx_word' id='word_1_232' title='bbox 169 3507 233 3570; x_wconf 91' lang='lat' dir='ltr'><strong>lem</strong></span> <span class='ocrx_word' id='word_1_233' title='bbox 261 3502 361 3577; x_wconf 88' lang='lat' dir='ltr'><strong>filium</strong></span> <span class='ocrx_word' id='word_1_234' title='bbox 389 3503 581 3588; x_wconf 84' lang='lat' dir='ltr'><strong>reliquisse«,</strong></span> <span class='ocrx_word' id='word_1_235' title='bbox 611 3504 666 3570; x_wconf 90' lang='lat' dir='ltr'><strong>sed</strong></span> <span class='ocrx_word' id='word_1_236' title='bbox 689 3503 876 3586; x_wconf 88' lang='lat' dir='ltr'><strong>Spartianus</strong></span> <span class='ocrx_word' id='word_1_237' title='bbox 898 3502 1027 3569; x_wconf 87' lang='lat' dir='ltr'><strong>stultior</strong></span> <span class='ocrx_word' id='word_1_238' title='bbox 1056 3507 1088 3567; x_wconf 87' lang='lat' dir='ltr'><strong>ct</strong></span> <span class='ocrx_word' id='word_1_239' title='bbox 1116 3500 1274 3582; x_wconf 84' lang='lat' dir='ltr'><strong>stupidior</strong></span> 
     </span>
     <span class='ocr_line' id='line_1_30' title="bbox 168 3609 1271 3695; baseline -0.004 -19"><span class='ocrx_word' id='word_1_240' title='bbox 168 3612 238 3691; x_wconf 88' lang='lat' dir='ltr'><strong>fuit,</strong></span> <span class='ocrx_word' id='word_1_241' title='bbox 261 3611 314 3692; x_wconf 93' lang='lat' dir='ltr'><strong>qui</strong></span> <span class='ocrx_word' id='word_1_242' title='bbox 336 3613 403 3695; x_wconf 87' lang='lat' dir='ltr'><strong>ipsa</strong></span> <span class='ocrx_word' id='word_1_243' title='bbox 426 3612 502 3678; x_wconf 88' lang='lat' dir='ltr'><strong>talia</strong></span> <span class='ocrx_word' id='word_1_244' title='bbox 526 3613 650 3678; x_wconf 88' lang='lat' dir='ltr'><strong>etiamsi</strong></span> <span class='ocrx_word' id='word_1_245' title='bbox 671 3614 777 3693; x_wconf 87' lang='lat' dir='ltr'><strong>inepte</strong></span> <span class='ocrx_word' id='word_1_246' title='bbox 797 3612 882 3678; x_wconf 88' lang='lat' dir='ltr'><strong>dicta</strong></span> <span class='ocrx_word' id='word_1_247' title='bbox 903 3610 1020 3692; x_wconf 82' lang='lat' dir='ltr'><strong>fingere</strong></span> <span class='ocrx_word' id='word_1_248' title='bbox 1037 3609 1203 3694; x_wconf 90' lang='lat' dir='ltr'><strong>potuisset,</strong></span> <span class='ocrx_word' id='word_1_249' title='bbox 1224 3611 1271 3675; x_wconf 90' lang='lat' dir='ltr'><strong>at·</strong></span> 
     </span>
     <span class='ocr_line' id='line_1_31' title="bbox 169 3720 1271 3803; baseline -0.004 -19"><span class='ocrx_word' id='word_1_250' title='bbox 169 3739 231 3801; x_wconf 89' lang='lat' dir='ltr'><strong>que</strong></span> <span class='ocrx_word' id='word_1_251' title='bbox 245 3720 447 3799; x_wconf 89' lang='lat' dir='ltr'><strong>haecomnia,</strong></span> <span class='ocrx_word' id='word_1_252' title='bbox 459 3740 542 3803; x_wconf 91' lang='lat' dir='ltr'><strong>quae</strong></span> <span class='ocrx_word' id='word_1_253' title='bbox 554 3741 588 3786; x_wconf 87' lang='lat' dir='ltr'><strong>se</strong></span> <span class='ocrx_word' id='word_1_254' title='bbox 600 3723 703 3802; x_wconf 92' lang='lat' dir='ltr'><strong>ipsum</strong></span> <span class='ocrx_word' id='word_1_255' title='bbox 720 3724 956 3802; x_wconf 70' lang='lat' dir='ltr'><strong>»reputantem«</strong></span> <span class='ocrx_word' id='word_1_256' title='bbox 973 3720 1132 3786; x_wconf 88' lang='lat' dir='ltr'><strong>invenisse</strong></span> <span class='ocrx_word' id='word_1_257' title='bbox 1148 3736 1271 3783; x_wconf 90' lang='lat' dir='ltr'><strong>summa</strong></span> 
     </span>
     <span class='ocr_line' id='line_1_32' title="bbox 169 3828 1273 3910; baseline -0.001 -16"><span class='ocrx_word' id='word_1_258' title='bbox 169 3847 241 3894; x_wconf 90' lang='lat' dir='ltr'><strong>cum</strong></span> <span class='ocrx_word' id='word_1_259' title='bbox 271 3828 436 3896; x_wconf 90' lang='lat' dir='ltr'><strong>insolentia</strong></span> <span class='ocrx_word' id='word_1_260' title='bbox 465 3829 554 3908; x_wconf 89' lang='lat' dir='ltr'><strong>dixit,</strong></span> <span class='ocrx_word' id='word_1_261' title='bbox 585 3847 623 3894; x_wconf 92' lang='lat' dir='ltr'><strong>ex</strong></span> <span class='ocrx_word' id='word_1_262' title='bbox 653 3837 784 3896; x_wconf 90' lang='lat' dir='ltr'><strong>auctore</strong></span> <span class='ocrx_word' id='word_1_263' title='bbox 809 3830 946 3909; x_wconf 90' lang='lat' dir='ltr'><strong>quodam</strong></span> <span class='ocrx_word' id='word_1_264' title='bbox 974 3829 1183 3910; x_wconf 90' lang='lat' dir='ltr'><strong>transcripsit,</strong></span> <span class='ocrx_word' id='word_1_265' title='bbox 1215 3846 1273 3893; x_wconf 91' lang='lat' dir='ltr'><strong>nee</strong></span> 
     </span>
     <span class='ocr_line' id='line_1_33' title="bbox 170 3936 1272 4020; baseline -0.002 -19"><span class='ocrx_word' id='word_1_266' title='bbox 170 3937 340 4020; x_wconf 85' lang='lat' dir='ltr'><strong>quidquam</strong></span> <span class='ocrx_word' id='word_1_267' title='bbox 362 3957 420 4004; x_wconf 89' lang='lat' dir='ltr'><strong>sua</strong></span> <span class='ocrx_word' id='word_1_268' title='bbox 436 3956 474 4002; x_wconf 90' lang='lat' dir='ltr'><strong>ex</strong></span> <span class='ocrx_word' id='word_1_269' title='bbox 497 3943 601 4004; x_wconf 91' lang='lat' dir='ltr'><strong>mente</strong></span> <span class='ocrx_word' id='word_1_270' title='bbox 624 3938 755 4004; x_wconf 88' lang='lat' dir='ltr'><strong>addidit.</strong></span> <span class='ocrx_word' id='word_1_271' title='bbox 779 3937 858 4004; x_wconf 80' lang='lat' dir='ltr'><strong>(lum</strong></span> <span class='ocrx_word' id='word_1_272' title='bbox 879 3939 962 4004; x_wconf 90' lang='lat' dir='ltr'><strong>enirn</strong></span> <span class='ocrx_word' id='word_1_273' title='bbox 985 3937 1024 4002; x_wconf 91' lang='lat' dir='ltr'><strong>de</strong></span> <span class='ocrx_word' id='word_1_274' title='bbox 1043 3936 1186 4002; x_wconf 89' lang='lat' dir='ltr'><strong>omnibus</strong></span> <span class='ocrx_word' id='word_1_275' title='bbox 1206 3942 1272 4000; x_wconf 87' lang='lat' dir='ltr'><strong>fere</strong></span> 
     </span>
    </p>
   </div>
   <div class='ocr_carea' id='block_1_3' title="bbox 165 4175 1272 4351">
    <p class='ocr_par' dir='ltr' id='par_1_5' title="bbox 165 4175 1272 4351">
     <span class='ocr_line' id='line_1_34' title="bbox 272 4175 1272 4250; baseline -0.004 -17"><span class='ocrx_word' id='word_1_276' title='bbox 272 4182 296 4247; x_wconf 85' lang='grc'><strong>1)</strong></span> <span class='ocrx_word' id='word_1_277' title='bbox 316 4179 405 4244; x_wconf 70' lang='lat' dir='ltr'><strong>cido,</strong></span> <span class='ocrx_word' id='word_1_278' title='bbox 422 4182 449 4234; x_wconf 91' lang='lat'><strong>1:</strong></span> <span class='ocrx_word' id='word_1_279' title='bbox 471 4179 598 4250; x_wconf 78' lang='lat' dir='ltr'><strong>»Legisse</strong></span> <span class='ocrx_word' id='word_1_280' title='bbox 615 4197 659 4234; x_wconf 87' lang='lat' dir='ltr'><strong>me</strong></span> <span class='ocrx_word' id='word_1_281' title='bbox 678 4179 842 4235; x_wconf 70' lang='lat' dir='ltr'><strong>memini«.</strong></span> <span class='ocrx_word' id='word_1_282' title='bbox 861 4181 947 4250; x_wconf 79' lang='lat' dir='ltr'><strong>ao,4:</strong></span> <span class='ocrx_word' id='word_1_283' title='bbox 970 4177 1023 4233; x_wconf 81' lang='lat' dir='ltr'><strong>»Et</strong></span> <span class='ocrx_word' id='word_1_284' title='bbox 1040 4176 1185 4247; x_wconf 85' lang='lat' dir='ltr'><strong>reputanti</strong></span> <span class='ocrx_word' id='word_1_285' title='bbox 1202 4175 1272 4230; x_wconf 89' lang='lat' dir='ltr'><strong>mihi</strong></span> 
     </span>
     <span class='ocr_line' id='line_1_35' title="bbox 165 4275 706 4351; baseline -0.004 -17"><span class='ocrx_word' id='word_1_286' title='bbox 165 4275 340 4334; x_wconf 86' lang='lat' dir='ltr'><strong>Diocletiane</strong></span> <span class='ocrx_word' id='word_1_287' title='bbox 359 4276 486 4351; x_wconf 82' lang='lat' dir='ltr'><strong>Auguste</strong></span> <span class='ocrx_word' id='word_1_288' title='bbox 504 4277 572 4334; x_wconf 79' lang='lat' dir='ltr'><strong>sotis</strong></span> <span class='ocrx_word' id='word_1_289' title='bbox 591 4276 706 4334; x_wconf 79' lang='lat' dir='ltr'><strong>claret«.</strong></span> 
     </span>
    </p>
   </div>
   <div class='ocr_carea' id='block_1_4' title="bbox 0 0 1551 5096">
    <p class='ocr_par' dir='ltr' id='par_1_6' title="bbox 0 0 1551 5096">
     <span class='ocr_line' id='line_1_36' title="bbox 0 0 1551 5096; baseline 0 0"><span class='ocrx_word' id='word_1_290' title='bbox 0 0 1551 5096; x_wconf 95' lang='lat' dir='ltr'><strong> </strong></span> 
     </span>
    </p>
   </div>
  </div>
 </body>
</html>
