3078 5096
710 437 728 498 3

176 619 229 686 sed
252 623 301 696 21,
323 623 341 684 5
365 636 406 684 ex
429 619 496 685 solo
519 619 699 686 Herodiano
720 609 821 685 fluxit.
877 620 923 686 Ut
954 621 1017 685 iam
1046 620 1098 685 hic
1119 619 1272 685 eiusmodi

176 729 320 810 exempla
331 727 469 806 afferam,
494 735 543 794 est
554 730 601 794 vit
614 729 709 796 Gord.
725 732 846 807 c.v16,l
868 729 1005 794 «fertura
1020 753 1061 784 ==
1074 729 1190 794 Herod.
1214 728 1274 794 VII

177 840 246 916 11.
266 839 313 902 vit
335 836 430 903 Gord.
448 843 529 918 10,ss
554 838 651 904 shaec
673 837 827 904 fabella
847 837 967 903 fertur«
982 861 1024 894 =
1037 838 1110 903 Her.
1124 839 1185 903 VII
1210 841 1238 917 6,
1254 841 1271 900 5

175 945 219 1009 rit
229 943 326 1010 Gord.
339 951 368 1024 9,
382 952 400 1010 2
418 947 490 1012 palii
504 947 631 1012 dicunt.“
646 971 687 1002 =
703 948 777 1011 Her.
791 946 917 1030 (dequo
930 948 997 1011 loco
1012 945 1094 1012 inira
1107 947 1273 1025 disseram)

175 1054 222 1118 111
243 1053 330 1118 Max.
351 1058 401 1134 33,
414 1059 443 1116 2,
457 1059 508 1120 oet
529 1055 622 1120 multi
644 1056 698 1119 alii
722 1055 852 1121 Graeci«
878 1079 919 1110 a
940 1055 1016 1120 Her.
1030 1058 1052 1134 ¹)

274 1163 418 1228 Eundem
433 1165 466 1228 in
486 1165 613 1232 modum
627 1185 654 1231 c.
669 1169 791 1229 10--12
814 1167 979 1248 eseptimo
1000 1165 1173 1231 Herodiani
1194 1165 1274 1230 libro

175 1274 437 1355 compilatasuut.
457 1273 518 1340 Sed
530 1273 725 1356 Capitolinus
736 1275 787 1340 hic
799 1275 969 1340 Herodiani
979 1275 1151 1338 narrationi
1162 1293 1200 1338 ex
1212 1294 1276 1340 me-

177 1383 275 1446 moria
286 1381 376 1447 addit
393 1387 440 1461 11,
457 1387 484 1460 3,
498 1387 517 1446 9
539 1401 651 1462 liquem
665 1383 823 1449 Maximus
837 1384 997 1464 privatum
1017 1385 1078 1447 iam
1093 1383 1273 1448 dimiserat«

84 1485 86 1488 ’
175 1490 313 1570 itemque
334 1490 496 1556 Osrhoene
517 1491 577 1568 isti,
601 1509 695 1570 quem
708 1491 909 1556 Herodianus
931 1491 1118 1568 Quartinum
1134 1492 1277 1556 nominat

176 1617 286 1664 numen
300 1600 372 1664 Tito
388 1599 450 1679 dat,
467 1599 551 1678 quod
566 1601 650 1682 apud
674 1602 771 1666 alium
785 1602 942 1682 quendam
962 1607 1123 1666 auctorem
1144 1601 1276 1682 legerat.

178 1707 220 1772 ht
241 1708 365 1790 1111111
387 1727 453 1790 cap.
481 1713 635 1774 111112
667 1711 835 1775 11111111
868 1712 995 1791 quidem
1030 1728 1068 1774 ex
1097 1709 1276 1773 Herodiano

177 1815 336 1882 duxerunt
353 1817 408 1883 sed
431 1819 478 1884 bis
503 1819 566 1883 alio
581 1837 622 1883 ex
641 1824 769 1884 auctore
793 1819 950 1901 quaedam
968 1819 1151 1884 inseruntur
1172 1821 1205 1881 et
1226 1835 1276 1880 eo-

177 1925 247 1988 dem
271 1925 399 2007 quidem
414 1940 452 1990 ex
474 1932 603 1991 auctore
627 1932 676 2009 11,
699 1931 811 2004 9-12,
830 1925 878 2024 111,
897 1932 912 1989 1
928 1926 956 2009 1)
984 1931 1016 1992 11
1041 1932 1089 2008 12,
1113 1929 1224 2004 5-12,
1249 1929 1278 1988 9.

177 2033 274 2111 Quem
305 2039 466 2100 auctorem
495 2035 620 2099 lunium
654 2036 779 2100 Aelium
811 2023 948 2100 Cordum
980 2053 1049 2101 esse
1081 2034 1278 2117 Capitolinus

177 2143 282 2222 prodit
304 2146 352 2222 12,
377 2147 405 2206 7.
452 2142 531 2209 (lum
559 2143 597 2209 de
627 2143 729 2208 Cordo
759 2141 842 2208 inira
870 2143 945 2207 mihi
976 2143 1198 2209 disserendum
1225 2141 1276 2220 sit,

177 2252 237 2316 hoc
257 2252 321 2316 iam
341 2252 408 2316 loco
429 2252 547 2316 adnoto
571 2271 644 2318 eum
665 2253 770 2334 inepte
793 2271 844 2318 res
867 2258 973 2332 gestas
995 2271 1207 2334 exaggerasse
1231 2255 1278 2316 at-

177 2377 238 2441 que
259 2361 290 2425 in
311 2361 413 2426 maius
427 2361 579 2426 extulisse
598 2380 669 2426 cum
692 2361 856 2427 scriberet:
876 2379 951 2442 sper
973 2362 1106 2442 triginta
1127 2361 1175 2425 vel
1198 2379 1275 2441 qua-

178 2469 323 2548 draginta
345 2469 431 2533 11111
452 2503 489 2516 -
513 2469 598 2534 vicos
624 2471 781 2534 incendit«
804 2475 837 2535 et
861 2468 944 2533 inira
969 2487 1044 2550 oper
1067 2469 1279 2550 quadraginta

178 2577 589 2658 velqulnquaquintamilia
602 2577 833 2643 Germanorum
855 2578 941 2643 vicos
966 2577 1188 2642 incendimus«
1212 2575 1279 2640 Neo

177 2686 285 2750 mirari
312 2686 461 2752 debemus
482 2685 692 2767 Capitolinum
722 2687 753 2750 in
775 2687 945 2751 Herodiani
975 2687 1132 2768 epitomen
1156 2684 1216 2748 alio
1238 2701 1279 2748 ex

180 2799 308 2859 auctore
329 2795 369 2858 de
391 2795 500 2861 eadem
515 2814 549 2861 re
567 2795 780 2860 narrationem
796 2795 976 2861 inseruisse.
1007 2795 1075 2858 Hoc
1086 2793 1170 2858 enim
1187 2792 1278 2857 modo

179 2919 285 2968 omnes
319 2905 401 2968 vitas
433 2903 629 2984 Capitolinus
661 2906 844 2986 compilavit
880 2910 916 2970 11
948 2922 1047 2968 unum
1078 2902 1278 2982 potissimum

179 3017 338 3076 auctorem
358 3017 552 3092 sequeretur,
576 3019 717 3078 attamen
739 3014 771 3077 in
792 3013 1006 3078 narrationem
1030 3011 1100 3075 aliis
1123 3028 1162 3074 ex
1185 3009 1277 3074 fonti-

177 3119 236 3184 bus
247 3123 398 3200 excerpta
415 3120 576 3185 insereret.
600 3119 697 3186 Cuius
718 3123 763 3186 rei
782 3122 964 3187 testimonia
987 3121 1060 3184 sunt
1083 3138 1150 3199 cap.
1164 3121 1278 3182 8-10.

181 3225 300 3304 Quibus
322 3228 532 3308 incapitibus
555 3227 750 3311 Capitolinus
773 3249 869 3294 unum
893 3230 1090 3310 potissimum
1118 3235 1278 3294 auctorem

180 3336 331 3416 sequitur,
355 3337 409 3400 sed
431 3355 469 3400 ex
481 3335 662 3402 Herodiano
685 3336 810 3419 singula
832 3337 911 3402 indit
934 3340 1012 3415 8‚9:
1038 3336 1149 3402 »simul
1172 3341 1205 3402 et
1228 3353 1280 3399 ve-

180 3447 320 3524 rebatur,
345 3465 384 3511 ne
404 3451 537 3527 propter
558 3447 770 3513 humilitatem
800 3445 923 3528 generis
953 3443 1110 3510 barbarici
1131 3464 1152 3510 a
1173 3441 1281 3507 nobil-

181 3559 248 3619 tate
271 3559 543 3620 contemneretur«
567 3579 608 3610 ==
632 3554 707 3620 Her.
731 3553 792 3617 VlI
815 3557 873 3630 1,2
896 3547 1014 3629 δεδιώς
1037 3545 1132 3635 μήτι
1153 3553 1280 3638 τῇσυγ-

179 3656 285 3751 alten
309 3659 363 3726 καὶ
393 3665 464 3739 τοῖς
485 3657 647 3746 ὑπηκόοις
679 3657 743 3727 ach.
759 3668 785 3742 1)
820 3664 962 3729 Alterum
992 3661 1172 3741 exemplum
1197 3659 1280 3721 inve·

286 3865 310 3932 1)
331 3864 406 3932 quod
430 3865 587 3934 exemplum
608 3869 683 3919 recte
707 3863 804 3918 attulit
826 3861 980 3916 Dandliker
999 3859 1073 3925 apud
1089 3859 1280 3928 Biidingerum

178 3958 196 4012 1.
215 3959 235 4013 1.
255 3959 304 4025 111,
324 3978 351 4029 p.
364 3949 425 4015 aba.

280 4057 308 4128 2)
329 4055 397 4110 Cum
418 4059 458 4122 12,
479 4061 493 4109 1
511 4073 567 4110 non
586 4073 620 4111 ex
644 4055 801 4111 Herodiano
825 4051 940 4107 fluxe'rit
958 4070 1014 4107 non
1031 4054 1089 4105 tam
1101 4051 1280 4121 probandum

183 4151 258 4219 quod
274 4151 357 4205 Peter
375 4169 410 4206 ex
421 4151 580 4206 Herodiano
593 4153 645 4206 VII
664 4155 689 4216 2,
711 4154 726 4205 5
745 4150 866 4204 11111111
883 4165 935 4216 pro
957 4164 1086 4202 »amnes«
1108 4166 1140 4201 aa
1159 4147 1279 4216 campis«

179 4251 209 4300 et
225 4245 401 4301 retinendum
422 4249 497 4316 qnod
515 4247 704 4314 Eyssenhardt
722 4245 811 4300 voluit
831 4261 972 4300 »ornnes«,

280 4344 308 4414 3)
327 4343 407 4410 Quod
419 4347 565 4413 praeterea
577 4343 683 4397 Broehs
697 4341 779 4396 affert
793 4341 839 4407 (de
853 4345 972 4408 quatuor
987 4337 1130 4410 prioribus
1148 4337 1283 4392 historiae
