3078 5096
812 397 851 456 36

279 575 472 641 mentionem
497 593 552 641 cur
572 576 735 656 Faustina,
758 579 795 642 ut
817 575 997 656 promiserit
1014 575 1047 658 ¹),
1080 577 1111 640 in
1138 575 1295 642 Albanum
1318 593 1383 644 non

279 684 409 765 venerit,
423 690 456 750 et
466 703 538 750 eum
552 703 648 767 supra
664 684 994 772 demonstraverimus,
1015 685 1198 754 Vulcacium
1215 685 1383 768 epistulas,

279 809 362 872 quae
382 792 421 858 de
443 794 606 859 iuventute
630 792 719 860 Cassi
739 793 833 860 fictae
855 795 921 862 siut
943 814 983 861 ex
1004 794 1169 872 Quadrato
1191 799 1224 860 et
1245 794 1381 860 Parthe-

278 903 373 968 niana
395 901 544 970 hausisse
561 903 619 968 bas
639 921 766 986 quoque
789 903 943 986 epistulas
964 903 1086 970 duobus
1113 904 1175 970 illis
1198 903 1381 970 auctoribus

278 1009 460 1077 tribuendas
487 1029 555 1076 esse
578 1012 666 1078 duco.
710 1012 873 1093 Epistulas
895 1030 962 1095 cap.
981 1017 1000 1076 9
1033 1012 1143 1080 deiude
1169 1012 1274 1078 tribuo
1295 1010 1380 1089 Qua-

276 1120 384 1184 drato:
408 1124 436 1198 9,
459 1125 476 1182 7
498 1121 604 1196 cuim:¹
625 1121 745 1188 »Verus
767 1121 843 1185 mihi
865 1139 974 1186 vorum
998 1122 1141 1202 scripsit«
1158 1121 1317 1204 pertinent
1339 1122 1378 1186 ad

277 1230 446 1310 epistolam
469 1247 494 1294 c,
517 1230 544 1309 l,
563 1234 580 1292 7
602 1229 761 1296 traditam.
798 1229 943 1296 Eundem
959 1235 1120 1297 auctorem
1143 1230 1284 1296 indicent
1298 1232 1377 1296 ista:

280 1336 429 1404 »Avidius
452 1338 562 1406 auidus
587 1345 664 1418 est«
688 1341 723 1404 et
743 1337 863 1404 »Verus
885 1357 995 1404 verum
1018 1338 1210 1421 scripsitr2).

376 1446 423 1514 De
453 1448 582 1526 reliquis
601 1447 754 1538 epistulis
777 1449 928 1528 acusque,
960 1466 1043 1530 quae
1076 1446 1231 1514 Czwalina
1264 1447 1375 1514 attulit

182 1545 185 1551 ’
274 1556 446 1637 recoquere
463 1557 545 1622 nolo.
590 1556 677 1633 Quae
698 1576 770 1623 cum
791 1558 895 1623 omnia
916 1558 1047 1624 falsario
1064 1558 1137 1636 sint,
1158 1555 1291 1623 eMario
1307 1555 1375 1624 Ma-

276 1666 361 1733 ximo
382 1683 445 1731 nou
468 1664 637 1744 fluxerunt,
662 1667 766 1734 nescio
788 1671 896 1734 tamen
917 1685 980 1748 quo
1002 1685 1041 1732 ex
1064 1672 1202 1734 auctore.

781 1891 808 1974 ᾖ.
835 1898 863 1958 3.

715 2031 778 2092 lita
796 2033 941 2092 dommodl.

374 2179 533 2246 Commodi
558 2181 622 2248 vita
652 2182 683 2248 in
708 2183 864 2249 codicibus
898 2182 1048 2247 tribuitur
1070 2181 1159 2246 Aelio
1180 2180 1374 2263 Lampridio.

274 2287 398 2366 Nescio,
428 2308 504 2354 num
532 2296 626 2356 recte.
680 2289 715 2354 lu
741 2291 807 2356 rita
834 2291 915 2356 euim
939 2290 1039 2356 Marci
1063 2294 1110 2369 19,
1134 2292 1152 2351 5
1177 2286 1375 2368 Capitolinus

273 2397 431 2476 promittit
453 2414 486 2462 se
508 2397 668 2463 Commodi
702 2400 799 2463 vitam
832 2399 1022 2479 scripturum
1057 2402 1090 2463 et
1121 2398 1257 2479 scriptor
1291 2396 1377 2460 vitae

273 2502 436 2571 Commodi
458 2506 533 2572 dicit
557 2512 613 2586 1,1
637 2525 670 2572 se
692 2509 726 2572 in
740 2507 838 2572 Marci
861 2508 927 2573 rita
943 2507 981 2572 de
1005 2504 1167 2572 Commodi
1189 2504 1375 2588 parentibus

268 2615 351 2680 satis
376 2614 565 2696 disputasse.
608 2616 696 2694 Quae
724 2617 850 2699 quidem
878 2616 945 2683 sola
968 2634 1064 2682 causa
1091 2634 1142 2681 me
1162 2634 1223 2680 non
1245 2633 1282 2680 eo
1304 2632 1374 2695 per·

272 2723 387 2790 ducere
406 2727 514 2807 potest
541 2727 577 2789 ut
599 2723 760 2790 Commodi
781 2725 877 2789 uitam
897 2744 917 2790 a
934 2722 1109 2806 Capitolino
1131 2724 1282 2802 scriptam
1305 2738 1374 2787 esse

273 2831 397 2914 ducam,
419 2852 493 2900 nam
511 2834 635 2916 saepius
660 2834 702 2917 (p.
719 2838 756 2897 17
780 2834 819 2899 ad
844 2833 874 2916 1)
895 2833 1031 2899 vidimus
1044 2833 1214 2916 scriptores
1237 2829 1316 2895 talia
1339 2847 1378 2893 cu

272 2941 455 3008 auctoribus
470 2944 535 3008 suis
556 2927 757 3008 transtulisse
770 2947 805 3020 ³),
827 2944 882 3008 sed
904 2942 1065 3024 meliores
1080 2941 1293 3018 cessassent,
1317 2956 1374 3006 cur

273 3050 432 3118 Commodi
455 3052 552 3116 vitam
576 3070 595 3115 a
618 3050 796 3134 Capitolino
819 3051 969 3132 scriptam
993 3069 1062 3117 csse
1086 3055 1204 3131 putem.
1228 3047 1374 3113 Vidimus

271 3160 353 3224 enim
374 3161 405 3224 in
428 3160 501 3226 uitis
516 3160 760 3226 Maximinorum
776 3159 1020 3239 Gordianorum,
1039 3157 1169 3223 Maximi
1191 3163 1225 3224 et
1238 3155 1372 3222 Balbini.

271 3267 381 3350 Marci,
413 3267 488 3336 Veri
511 3267 721 3351 Capitolinum
755 3270 839 3334 hunc
859 3269 890 3333 in
924 3268 1049 3334 modum
1074 3267 1156 3335 vitas
1190 3267 1375 3348 compilasse

373 3515 398 3582 1)
417 3511 451 3566 Id
470 3529 580 3582 quoque
602 3513 793 3569 adnotandum
818 3513 893 3584 quod
915 3514 1049 3568 Faustina
1067 3510 1217 3582 promittit,
1245 3530 1274 3566 se
1293 3528 1373 3567 eras

271 3612 419 3663 venturam
437 3624 505 3662 esse.

376 3705 403 3772 2)
421 3702 516 3774 Neque
535 3706 690 3760 mirandum
709 3710 751 3760 est
764 3721 842 3760 cure
861 3705 968 3760 Cresco
990 3710 1104 3760 auctore
1125 3703 1193 3758 talia
1210 3704 1374 3770 emanarint,

271 3800 318 3867 qui
337 3816 393 3854 non
408 3801 537 3866 nesciret,
560 3801 679 3856 lectores
704 3817 799 3856 omnes
819 3801 930 3871 linguae
953 3800 1069 3856 Latinae
1087 3799 1193 3869 peritos
1212 3799 1371 3871 intelligere

270 3911 325 3962 quo
350 3899 521 3964 spectarent:
549 3893 653 3969 Οὐῆρος
679 3893 781 3966 ἀληθὲς
805 3900 937 3969 ἔγραψεν.
976 3897 1157 3965 Partielpium
1186 3897 1240 3960 9,8
1268 3895 1323 3951 »nil
1340 3895 1375 3949 ti-

271 4007 365 4046 mens«
387 3992 491 4048 Graece
509 3993 624 4049 dictum.
643 3995 692 4050 rit.
711 3995 793 4064 Niqri
813 4011 922 4066 quoque
949 3996 990 4057 12,
1008 3996 1079 4048 b-d
1098 3993 1271 4063 epigramma
1289 3993 1381 4046 Grae·-

270 4104 333 4141 eum
351 4105 463 4143 remum
481 4094 532 4156 est,
550 4090 585 4145 de
608 4091 726 4161 »Nigro«
748 4091 880 4160 quasdam
899 4090 1044 4146 continens
1063 4088 1186 4144 facetias.

370 4188 397 4252 3)
415 4186 529 4240 Derita
547 4186 622 4241 Com.
644 4190 695 4251 1‚1
715 4191 862 4257 procerte
886 4187 958 4241 duco
982 4185 1067 4240 etiam
1091 4203 1109 4240 a
1132 4184 1222 4239 Mario
1247 4183 1371 4238 Maximo

268 4294 328 4332 esse
346 4281 497 4351 scriptum:
520 4282 563 4336 »in
582 4282 640 4336 vita
658 4281 748 4338 Marci
766 4282 832 4336 satis
851 4285 894 4337 est
912 4280 1112 4350 disputatum«
