3078 5096
695 422 732 482 21

170 602 284 666 nunde
319 600 415 666 etiarn
443 603 596 682 templum
630 602 658 665 ei
690 602 927 667 constitutum«
968 603 1106 683 »Under
1140 607 1265 670 tantum

166 710 384 791 explicandum
401 712 494 790 esset,
517 710 543 773 si
561 709 587 791 ᾖ.
604 712 622 771 7
644 715 827 776 enarratum
841 714 934 790 esset,
956 711 1100 777 Marcum
1112 713 1265 794 optimum

165 824 197 885 et
215 818 468 890 amantissimum
491 818 663 900 principem
689 817 792 886 fuisse.
837 820 899 887 Sed
927 838 998 887 cum
1034 819 1094 903 §.7
1122 821 1267 904 legamus

165 927 307 994 Marcum
331 926 535 1007 auguriorum
556 927 694 1008 peritum
715 927 824 1011 fuisse,
848 930 968 996 nundeu
992 928 1206 1012 Capitolinum
1227 950 1268 998 ex

166 1039 294 1102 auctore
315 1051 371 1098 suo
395 1035 596 1100 transtulisse
620 1035 710 1101 duco.

267 1141 301 1209 0.
319 1147 356 1207 19
379 1142 491 1209 deinde
505 1143 628 1226 longior
646 1143 756 1227 incipit
769 1145 910 1211 narratio
932 1144 971 1212 de
983 1145 1157 1214 Faustinae
1176 1147 1266 1214 adul-

166 1249 263 1318 teriis.
307 1249 424 1316 Utrum
445 1253 549 1316 totum
575 1253 671 1330 caput
693 1286 733 1296 —-
757 1251 785 1334 ς.
804 1257 843 1316 10
865 1271 928 1319 uno
952 1271 992 1317 ex
1017 1258 1147 1320 auctore
1169 1253 1268 1322 fluxe-

169 1360 211 1424 rit
232 1377 273 1422 an
288 1357 352 1440 §.7
375 1356 512 1422 alterum
527 1357 659 1438 incipiat
668 1364 853 1442 excerptum
875 1359 1047 1426 diiudicare
1056 1362 1138 1427 nolo.
1168 1361 1215 1445 §d
1229 1367 1265 1428 11

168 1471 200 1534 et
223 1469 261 1530 12
284 1465 396 1532 deinde
418 1483 477 1530 sua
505 1483 544 1530 ex
566 1471 672 1532 mente
702 1465 790 1531 addit
813 1466 1010 1549 Capitolinus
1040 1473 1073 1534 et
1092 1471 1182 1550 quasi
1202 1470 1267 1537 iam

166 1575 205 1640 ad
236 1574 330 1639 finem
362 1575 446 1639 vitae
486 1572 708 1639 describendae
743 1574 867 1640 venerit
901 1576 1003 1643 addit:
1051 1582 1101 1644 oet
1141 1578 1267 1659 quidem

165 1685 242 1752 haec
264 1685 401 1752 breviter
415 1689 447 1750 et
468 1689 634 1766 congestet
659 1683 711 1768 (cf.
725 1685 841 1751 Mdller
862 1705 892 1768 p.
909 1687 973 1768 62).
1017 1685 1139 1752 Deinde
1156 1705 1267 1754 secun·

165 1795 239 1860 dum
261 1793 356 1859 Marii
377 1791 510 1858 Maximi
531 1793 647 1858 librum
679 1793 841 1875 epitomat‚
868 1799 901 1860 et
922 1795 956 1860 in
975 1814 1043 1877 cap.
1058 1799 1098 1859 29
1123 1795 1267 1879 contulit,

166 1920 249 1983 quae
270 1903 303 1966 in
323 1902 430 1983 priora
449 1901 554 1983 capita
571 1901 710 1968 inserere
731 1902 847 1969 oblitus
870 1905 929 1968 est.
972 1903 1121 1970 Fortasse
1142 1921 1183 1970 ex
1204 1922 1268 1970 uuo

166 2015 294 2076 auctore
328 2007 489 2074 duxerunt
524 2012 564 2073 29
600 2009 629 2092 ς.
649 2013 729 2074 1-3
767 2009 913 2077 »Crimini
941 2047 980 2058 -
1003 2011 1203 2079 incusantesc
1237 2014 1271 2077 et

167 2122 246 2183 6-7
282 2118 455 2184 »dederuut
483 2153 524 2162 —
554 2117 730 2184 conviviis«
776 2116 944 2185 Gouiertur
976 2119 1060 2185 euim
1093 2120 1141 2186 hic
1170 2120 1269 2203 quod·

166 2245 288 2309 cunque
309 2229 421 2294 Marco
448 2227 588 2292 »crimini
611 2227 818 2293 detumeat«
863 2227 951 2295 Haec
973 2246 990 2292 e
1012 2227 1114 2294 Mario
1129 2229 1268 2295 Maximo

165 2339 283 2409 hausta
314 2359 383 2406 ease
414 2340 477 2406 iam
510 2345 640 2421 propter
670 2339 806 2421 ineptias
834 2356 951 2418 rerum,
986 2355 1068 2419 quae
1096 2343 1270 2404 narrantur

165 2467 226 2514 nou
254 2447 424 2514 verisimile
450 2452 510 2514 cst.
551 2446 689 2524 Accedit,
712 2447 808 2528 quod,
841 2465 913 2512 cum
948 2440 1287 2513 demonstraverimus

166 2557 303 2624 Marium
325 2557 502 2624 Maximum
523 2574 630 2622 omnes
650 2555 733 2622 vitas
755 2557 889 2622 eundem
902 2556 934 2620 in
956 2556 1083 2623 modum
1098 2555 1266 2638 dispositas

166 2668 335 2732 memoriae
357 2666 549 2746 tradidisse,x
566 2665 656 2730 nulla
689 2665 752 2729 alia
782 2665 814 2730 in
842 2665 908 2731 vita
938 2665 1053 2731 collata
1082 2665 1269 2746 invenimus,

166 2793 248 2857 quae
270 2775 382 2856 cuique
409 2774 594 2857 imperatori
626 2772 746 2839 crimini
767 2773 844 2839 data
865 2773 938 2840 sint.
979 2773 1018 2838 In
1048 2772 1162 2838 Iuliani
1185 2772 1269 2838 euim

166 2886 233 2950 vita
254 2903 323 2967 cap.
340 2889 358 2950 9
381 2901 443 2950 non
461 2884 563 2950 Mario
584 2882 722 2950 Maximo
747 2883 802 2950 sed
812 2882 913 2950 Cordo
924 2882 1032 2949 deberi
1043 2881 1271 2948 demonstrabi-

166 2998 228 3059 tur.
271 2994 385 3076 Itaque
406 3013 431 3060 c.
449 2998 489 3059 29
518 2993 546 3076 ς.
566 2996 646 3056 1-3
669 2997 701 3057 et
722 2996 803 3056 6-7
827 3010 951 3075 quoque
972 2992 1147 3056 fortassee
1168 2988 1270 3056 Cordo

165 3103 282 3170 hausta
315 3107 397 3168 sunt.
454 3102 544 3181 Quae
583 3103 767 3168 inseruntur
805 3100 889 3166 inter
927 3097 1020 3165 Cordi
1053 3097 1270 3164 narrationem

165 3211 192 3294 ἕ.
208 3216 289 3274 4-5
324 3230 386 3277 non
411 3230 429 3277 e
451 3211 551 3277 Mario
573 3211 711 3276 Maximo
730 3210 846 3275 hausta
868 3213 953 3289 sunt,
977 3225 1052 3274 nam
1063 3205 1185 3273 Marius
1200 3206 1269 3272 Ma-

166 3320 269 3387 ximus
300 3319 361 3387 alio
391 3320 455 3384 iam
487 3319 556 3384 loco
585 3319 624 3384 de
646 3317 746 3382 Marci
768 3317 918 3382 comitate
948 3333 1025 3398 erga
1047 3315 1190 3381 Cassium
1210 3315 1273 3380 dis·

168 3429 267 3496 seruit
281 3431 345 3508 (26,
370 3428 433 3514 13).
477 3428 503 3512 ς.
522 3432 552 3509 8,
575 3431 603 3504 9,
629 3430 668 3490 10
692 3425 804 3492 deiude
834 3427 959 3493 diversa
986 3427 1137 3507 excerpta
1169 3423 1271 3490 haud·

167 3555 327 3619 quaquam
350 3537 434 3602 inter
459 3554 493 3602 se
516 3537 683 3602 coniuncta
707 3541 790 3602 sunt.

266 3646 317 3712 Ita
338 3647 402 3712 iam
434 3663 485 3710 me
512 3643 701 3727 patefecisse
731 3651 819 3731 puto,
852 3661 915 3726 quo
949 3643 1042 3711 modo
1074 3641 1273 3725 Capitolinus

166 3757 248 3822 vitas
270 3755 495 3835 compilaverit.
539 3753 619 3820 Cum
644 3755 783 3822 Marium
799 3754 976 3820 Maximum
998 3757 1030 3817 et
1052 3751 1180 3840 Iunium
1193 3748 1270 3815 Cor-

166 3867 244 3931 dum
266 3865 465 3944 epitomaret,
502 3881 543 3930 ex
576 3863 647 3931 aliis
682 3863 872 3946 quibusdam
906 3860 1088 3928 auctoribus
1119 3857 1274 3924 nonnulla

168 3973 332 4054 excerpsit,
361 3989 444 4051 quae
463 3975 616 4053 excerpta
638 3974 725 4040 etin
748 3972 906 4051 epitomas
928 3968 1043 4035 indidit
1068 3973 1102 4034 et
1125 3966 1157 4030 iu
1177 3983 1275 4047 quae·

167 4082 239 4147 dam
262 4082 366 4162 capita
388 4081 533 4147 contulit.
578 4080 662 4157 Quos
695 4084 842 4148 auctores
863 4081 948 4146 hunc
969 4079 1002 4144 in
1035 4078 1164 4143 modum
1186 4074 1273 4160 adhi-

167 4190 280 4271 buerit,
303 4190 476 4256 diiudicare
507 4205 640 4269 nequeo.
683 4192 844 4271 Excerpta
874 4189 943 4272 ipsa
964 4187 1116 4268 pleraque
1143 4185 1208 4250 iam
1232 4201 1273 4249 ex

167 4301 269 4368 verbis
295 4319 417 4384 osana«
445 4303 644 4384 »praetera«
671 4283 849 4386 »deniquae
871 4297 1018 4384 cognosci
1039 4294 1272 4363 adnotavimus.
