3078 5096
789 420 829 481 32

263 597 437 664 matoribos
465 598 531 663 suis
553 597 722 678 scripsisse.
759 595 865 662 Nihilo
893 598 995 664 secius
1019 597 1214 680 Capitolinus
1243 597 1368 665 studuit

263 709 299 768 ut
320 704 414 770 Marii
443 704 574 769 Maximi
597 705 701 772 verbis
723 711 884 788 utoretnr;
918 723 989 770 cum
1018 707 1099 772 enim
1129 707 1213 789 apud
1237 706 1365 788 Capito

261 811 361 878 linum
391 818 424 878 et
455 813 636 880 Vulcacium
671 814 781 880 eadem
820 813 923 893 verba,
960 815 1191 896 verborumque
1220 821 1365 882 constru-

196 967 199 973 Α
262 924 378 989 cnonas
392 923 482 988 nobis
497 930 672 1003 occurrant,
695 922 726 988 id
742 924 812 989 luce
829 923 945 989 clarius
960 928 1018 1006 est,
1034 930 1206 1006 utrumque
1227 923 1305 990 haec
1324 941 1365 990 ex

261 1037 390 1098 auctore
413 1051 469 1098 suo
479 1032 502 1114 ¹)
525 1033 733 1098 transtulisse.

360 1140 398 1206 In
421 1141 503 1206 Mari
526 1140 658 1207 Maximi
689 1140 847 1222 epitomen
868 1142 929 1206 alio
951 1159 990 1208 ex
1009 1139 1096 1206 fonte
1123 1140 1291 1208 Vulcacius
1316 1143 1362 1207 in-

261 1249 340 1314 didit
350 1253 378 1326 6,
394 1254 483 1329 2-8,
499 1255 526 1330 7,
546 1268 627 1332 qnae
642 1251 727 1331 apud
739 1249 952 1332 Capitolinum
974 1268 1036 1315 non
1061 1250 1275 1332 inveniuntur,
1299 1268 1364 1331 qua

262 1358 330 1424 sola
361 1357 400 1424 de
427 1377 523 1425 causa
545 1359 646 1426 Mario
666 1357 804 1424 Maximo
836 1358 1043 1426 abiudicanda
1070 1364 1154 1425 sunt.
1208 1358 1365 1442 Suspecta

261 1469 358 1535 etiam
380 1475 455 1536 sunt
476 1478 605 1552 propter
627 1474 688 1550 8,2
713 1472 885 1552 »denique«
910 1476 944 1536 et
966 1475 1026 1550 8,6
1054 1470 1191 1538 »dixisse
1218 1471 1363 1537 dicituro.

262 1577 480 1644 Certissimum
508 1581 616 1645 antem
639 1585 870 1662 argumentum,
899 1579 983 1644 huno
1010 1585 1111 1645 totum
1132 1580 1236 1644 locum
1258 1595 1321 1644 non
1345 1597 1363 1644 e

261 1687 363 1752 Mario
392 1685 532 1753 Maximo
559 1704 724 1753 emanasse
745 1694 796 1754 est
815 1692 843 1765 8,
859 1692 894 1750 5:
931 1689 1056 1753 aEtiam
1084 1690 1124 1753 de
1146 1687 1365 1753 Pertinace

261 1802 293 1861 et
315 1796 418 1863 Galba
439 1797 529 1878 paria
550 1797 734 1864 sentiebat«
779 1797 900 1863 Marius
921 1799 1088 1876 Maximus,
1112 1795 1167 1879 qui
1189 1795 1365 1863 Pertinacis

260 1906 358 1972 vitam
381 1907 552 1986 descripsit,
586 1911 671 1972 certe
700 1925 761 1970 non
783 1909 874 1971 tanta
894 1906 955 1971 luit
982 1906 1126 1985 stultitia,
1157 1910 1193 1971 ut
1214 1904 1366 1972 scriberet

263 2013 406 2081 Marcum
436 2016 475 2080 de
494 2013 660 2080 Pertinace
692 2015 885 2096 imperatore
915 2014 1115 2080 diiudicasse.
1170 2011 1365 2080 Graeculum

261 2123 419 2207 quendam
441 2123 521 2189 haec
542 2125 647 2188 omnia
668 2123 805 2204 finxisse,
828 2128 865 2188 ut
875 2122 1034 2188 doctrinae
1045 2123 1183 2204 speciem
1195 2123 1363 2204 praeberet

261 2233 338 2298 mihi
357 2233 525 2299 verisimile
546 2238 595 2298 est
623 2237 656 2298 et
677 2238 808 2313 propter
829 2232 1018 2298 narrationis
1040 2233 1193 2297 rationem
1215 2235 1249 2296 et
1270 2247 1364 2312 prop·

261 2348 311 2406 ter
335 2347 414 2420 18,6
439 2343 622 2422 adurique«,
645 2360 717 2406 nam
731 2347 764 2407 et
776 2343 832 2407 vit.
847 2341 931 2407 Max.
947 2344 996 2421 23,
1010 2344 1029 2403 4
1044 2340 1216 2407 Herodiani
1239 2337 1276 2404 dd
1296 2357 1364 2406 vcr-

261 2453 341 2517 titur
364 2452 397 2517 in
421 2451 604 2532 »denique«.

111 2579 249 2629 wmarus.
362 2560 441 2626 (ium
462 2579 527 2641 cap.
542 2559 633 2640 7-9,
657 2563 675 2622 5
698 2579 715 2625 o
736 2559 836 2625 Mario
855 2559 993 2624 Maximo
1015 2557 1145 2624 fluxisse
1166 2559 1361 2624 demonstra-

262 2671 410 2750 verimus,
432 2673 534 2735 restat
555 2674 591 2733 ut
609 2668 819 2734 demonstrem
841 2668 1001 2748 reliqua
1024 2668 1134 2732 uitae
1156 2665 1244 2732 Cassi
1258 2666 1363 2747 capita

263 2777 333 2843 aliis
361 2796 401 2843 ex
430 2777 611 2844 auctoribus
641 2778 757 2844 hausta
788 2795 866 2844 osse.
916 2776 993 2858 Gap.
1020 2784 1034 2840 1
1067 2782 1238 2854 auctorem,
1269 2791 1363 2856 quem

262 2889 414 2970 sequitur,
437 2887 605 2954 Vulcacius
634 2887 792 2953 nominat:
826 2887 934 2953 ›rcnius
959 2886 1141 2963 Quadratus
1168 2885 1200 2948 in
1221 2883 1364 2950 historiis

262 2996 431 3061 meminit«
477 2997 545 3074 Quo
569 3001 759 3062 exauctare
781 2995 948 3075 fluxerunt,
973 3013 1054 3074 quae
1076 2995 1115 3060 de
1130 2992 1220 3060 Cassi
1243 2991 1364 3058 familia

261 3105 438 3171 afferuntur
449 3104 695 3186 haudquaquam
711 3106 751 3171 ad
763 3103 854 3170 fidem
871 3109 1030 3170 enarrata.
1064 3104 1162 3168 Pater
1176 3102 1258 3168 enim
1273 3101 1365 3166 Avidi

261 3215 441 3298 appellatur
463 3215 750 3292 Avidius‘Severus
774 3215 857 3295 quod
880 3213 995 3280 falsum
1011 3212 1108 3279 luisse
1130 3211 1207 3277 satis
1232 3215 1366 3276 constat.

261 3323 321 3388 Dio
344 3323 426 3387 enim
446 3321 648 3389 fidelissimus
669 3322 781 3386 horum
808 3329 985 3406 temporum
1009 3322 1140 3402 scriptor
1151 3319 1311 3400 refertlt
1327 3321 1366 3382 22

263 3432 356 3500 Avidi
379 3438 503 3515 patrem
518 3432 616 3500 fuisse
635 3432 825 3499 rhetoricum
846 3431 1002 3513 quendam
1023 3430 1230 3496 Heliodorum
1248 3427 1368 3511 Cyrrho
1452 3445 1457 3456 ·

263 3560 303 3607 ex
330 3543 466 3618 civitate,
494 3544 579 3622 quod
602 3542 695 3608 Marii
718 3541 850 3609 Maximi
871 3560 996 3624 quoque
1026 3539 1230 3635 confirmatur
1253 3538 1367 3604 verbis.

263 3651 326 3717 Vit.
342 3652 439 3718 Marci
464 3655 564 3732 26,11
590 3651 672 3716 enim
688 3669 705 3716 e
720 3652 822 3718 Mario
837 3649 976 3716 Maximo
1001 3669 1113 3716 nomen
1136 3647 1193 3715 lilii
1206 3648 1298 3715 (lassi
1322 3647 1370 3713 al-

261 3759 378 3826 lertur:
403 3761 639 3828 »Heliodorus«.
695 3761 781 3844 Ergo
801 3761 894 3826 huius
921 3777 979 3824 avo
1009 3776 1134 3840 quoqne
1165 3775 1280 3823 nomen
1305 3755 1368 3822 He·

260 3845 381 3938 liodoro
402 3870 500 3938 luisse
523 3870 693 3937 verisimile
713 3874 769 3950 est,
802 3870 985 3947 Quadratus
1005 3887 1090 3950 ergo,
1124 3887 1193 3935 cum
1215 3867 1255 3932 de
1277 3865 1370 3932 Aridi

266 3991 466 4001 ...n—a·—

364 4041 391 4109 1)
410 4039 473 4094 Non
492 4039 564 4093 enim
581 4038 751 4093 credendum
776 4044 819 4094 est
838 4037 1025 4108 Capitolinum
1044 4053 1059 4092 o
1076 4037 1209 4092 Vulcacio
1232 4037 1367 4092 hausisse.

263 4137 388 4206 Uterque
407 4137 482 4190 enim
506 4135 626 4190 Marium
649 4136 804 4190 Maximum
828 4136 906 4191 oitat.
930 4136 979 4191 vit.
1003 4134 1089 4190 Marc.
1107 4137 1152 4203 26,
1170 4138 1211 4191 10.
1249 4134 1326 4189 Casei
1344 4135 1370 4203 6,

264 4234 344 4299 6-7,
363 4234 389 4297 9,
407 4234 432 4287 5.
452 4237 481 4288 et
500 4249 572 4302 quae
593 4233 765 4304 Capitolinus
784 4251 798 4288 o
816 4231 907 4288 Mario
930 4233 1053 4288 Maximo
1077 4231 1174 4287 attulit
1191 4233 1234 4296 25,
1256 4232 1369 4295 10-26,

267 4333 300 4384 10
318 4329 412 4385 omisit
430 4329 584 4386 Vulcacius.
