3078 5096
679 439 719 500 49

155 621 264 686 nicena
293 617 383 682 milia
411 617 527 681 viritim
552 616 691 683 dedisset
720 617 793 698 (Dio
819 621 867 696 73,
893 621 926 695 8)
955 618 1100 683 duodena
1128 622 1255 684 tanturn

153 729 238 794 milia
260 725 404 809 promisit
425 724 580 792 Pertinax
602 725 675 806 (Dio
697 729 747 806 73,
772 726 812 808 l).
857 726 977 803 Quibus
1013 729 1051 791 dc
1074 727 1178 794 causis
1198 729 1254 793 mi·

153 837 223 903 lites
246 833 488 901 murmurabant
504 839 601 914 atque
616 853 666 900 res
684 850 783 900 noras
805 834 1018 900 moliebantur
1037 836 1083 900 ita
1103 840 1139 901 ut
1152 835 1255 901 Lasci-

153 946 237 1010 uium
260 949 370 1011 contra
390 943 585 1010 Pertinacem
609 945 831 1027 imperatorem
855 944 1018 1028 appellare
1047 944 1165 1010 vellent
1187 944 1254 1026 (vit

154 1161 199 1227 ita
223 1164 260 1226 ut
281 1159 432 1226 Pertinax
466 1161 714 1243 haudquaquam
746 1163 876 1244 ignarus
898 1181 970 1230 esse
996 1167 1122 1245 posset,
1149 1163 1255 1245 qualia
1385 1239 1387 1246 Α

153 1271 292 1352 pericula
315 1271 446 1336 obiisset
473 1269 657 1353 faciliusque
690 1289 760 1338 esse
787 1271 952 1354 imperium
982 1273 1131 1351 adpetere
1159 1289 1256 1353 quam

153 1381 304 1446 obtinere.
349 1379 427 1444 Cum
450 1379 529 1446 talia
549 1381 760 1447 meditaretur
783 1387 868 1446 certe
888 1381 1043 1447 nonbono
1067 1382 1170 1448 animo
1194 1379 1256 1447 fuit

154 1494 249 1571 atque
284 1488 419 1556 fortasse
447 1488 614 1570 epistulam
652 1489 740 1554 illam
769 1490 963 1570 conscripsit,
993 1510 1056 1573 qua
1084 1496 1203 1572 quanto
1224 1491 1254 1554 in

153 1617 259 1665 rerum
281 1599 459 1666 discrimine
482 1605 566 1666 esset
587 1599 774 1679 exponebat.

669 1827 697 1910 g.
716 1832 743 1891 a.

609 1984 671 2043 ulta
690 1985 800 2044 lulloni.

254 2157 342 2236 Quae
363 2158 429 2224 vita
450 2177 470 2223 a
495 2157 669 2241 Spartiano
694 2159 813 2240 scripta
836 2175 897 2222 non
919 2158 1052 2223 eundem
1075 2157 1108 2221 in
1128 2157 1255 2222 modum

153 2267 323 2347 compilato
346 2273 396 2334 est
419 2273 515 2348 atque
540 2269 625 2334 vitae
646 2288 666 2332 a
686 2267 864 2349 Capitolino
889 2267 1041 2349 scriptae:
1065 2266 1255 2348 Spartianus

154 2373 237 2438 enim
260 2391 300 2438 ne
321 2391 391 2438 earn
411 2373 539 2453 quidem
564 2373 708 2440 adhibuit
730 2392 860 2455 operam
881 2392 977 2456 quam
1001 2374 1197 2458 Capitolinus
1219 2378 1256 2441 ut

155 2487 303 2564 excerpta
324 2481 382 2548 sibi
403 2481 524 2550 faceret
543 2484 613 2549 aliis
637 2501 676 2548 ex
698 2484 890 2566 auctoribus,
914 2485 1137 2565 antequamad
1159 2485 1256 2550 histo·

155 2590 233 2656 riam
260 2589 458 2658 scribendam
490 2594 727 2676 aggrederetur,
747 2630 780 2639 -
802 2593 888 2660 nullo
920 2595 1003 2661 enim
1024 2594 1092 2660 loco
1126 2595 1156 2658 in
1176 2595 1257 2659 vitas

156 2697 362 2781 aSpartiano
384 2703 520 2784 scriptas
542 2710 692 2783 excerpta
709 2702 800 2768 video
821 2701 1030 2782 esseinscrta,
1053 2739 1092 2748 —
1115 2703 1170 2769 scd
1192 2704 1255 2783 epi·

154 2808 290 2874 tomavit
326 2817 452 2876 tantum
483 2816 628 2878 auctores
662 2830 738 2878 suos
771 2817 867 2895 atque
889 2811 948 2877 hoc
981 2811 1108 2892 quidem
1139 2811 1256 2875 maiore

155 2936 225 2984 cum
247 2937 324 2984 cura
343 2917 528 3003 Capitolino.
573 2920 770 3002 Capitolinus
792 2923 874 2987 enirn
887 2939 927 2985 ex
948 2921 1131 2987 duobusvel
1155 2922 1256 2988 tribus

156 3026 336 3094 auctoribus
368 3031 524 3109 quaedam
547 3030 717 3097 decadem
740 3049 776 3096 re
798 3032 922 3098 etiamsi
942 3032 1024 3096 inter
1044 3049 1079 3097 se
1103 3049 1257 3112 repugna·

156 3140 227 3200 rent
248 3136 367 3218 attulit,
392 3145 424 3204 et
445 3138 538 3206 Marii
561 3139 691 3205 Maximi
712 3140 795 3222 vitas
814 3145 900 3206 totas
921 3141 1113 3222 epitonnavit,
1138 3140 1256 3224 Sparti-

156 3262 245 3325 anus,
268 3265 340 3312 oum
366 3247 405 3310 ad
432 3249 569 3314 alterum
591 3248 795 3314 descenderet
824 3255 1002 3328 auctorem,
1030 3251 1144 3327 omisit,
1175 3266 1258 3332 quae

156 3353 278 3422 Marius
305 3353 463 3420 Maximus
491 3353 531 3419 de
560 3355 669 3420 eadem
697 3374 732 3421 re
761 3357 883 3435 retulit,
916 3356 960 3420 ita
994 3362 1030 3422 ut
1062 3357 1172 3422 lectori
1193 3356 1257 3421 iam

155 3459 313 3529 difficilius
333 3465 375 3530 sit
396 3462 568 3529 diiudicare
598 3465 674 3544 quid
699 3465 730 3529 in
757 3465 830 3532 vitis
852 3484 871 3528 a
894 3465 1062 3547 Spartiano
1091 3466 1215 3547 scriptis
1239 3483 1257 3531 e

157 3570 259 3637 Mario
292 3571 431 3639 Maximo
453 3569 599 3654 fluxerit,
641 3573 715 3653 quid
746 3572 816 3639 aliis
843 3591 883 3638 ex
905 3573 1095 3640 auctoribus.
1151 3573 1258 3652 Quare

155 3685 256 3746 totam
279 3681 493 3761 quaestionem
527 3700 588 3746 non
611 3701 631 3748 a
654 3681 824 3764 Spartiano
853 3684 909 3749 sed
931 3702 950 3749 a
972 3681 1148 3765 Capitolino
1170 3683 1258 3748 insti-

156 3788 205 3855 tui
227 3796 264 3853 ut
286 3797 456 3871 antequam
481 3790 521 3854 ad
543 3792 634 3856 vitas
655 3809 675 3856 a
697 3790 867 3874 Spartiano
901 3793 1035 3874 scriptas
1067 3792 1257 3873 aggrederer

155 3899 219 3964 iam
252 3901 344 3979 quasi
376 3899 584 3982 explanatum
614 3898 774 3979 haberem,
807 3917 902 3980 quem
923 3901 955 3965 in
987 3901 1114 3967 modum
1139 3901 1258 3967 Marius

156 4005 315 4074 Maximus
337 4013 370 4074 et
390 4008 500 4074 Iunius
517 4007 638 4074 Cordus
658 4007 823 4074 historiam
847 4011 1040 4091 scripserint.

256 4116 293 4181 In
321 4117 389 4183 rita
421 4116 536 4182 Iuliani
565 4118 653 4183 nullo
681 4117 748 4183 loco
781 4118 969 4200 Spartianus
994 4120 1072 4186 citat
1094 4123 1257 4186 auctorem
1282 4152 1404 4194 mamm,

155 4243 259 4291 suom.
278 4225 394 4292 Mhller
414 4226 512 4308 igitur
530 4232 631 4293 totam
643 4226 735 4294 Marii
748 4226 879 4293 Maximi
896 4232 1057 4312 epitomen
1079 4245 1148 4295 esse
1170 4229 1256 4295 ducit

155 4335 199 4418 (p.
213 4339 313 4398 ‘la-7
318 4335 350 4417 6)
364 4335 438 4400 Vita
453 4336 588 4401 eundem
601 4337 634 4401 in
648 4338 775 4403 modum
792 4338 945 4418 disposita
959 4343 1008 4405 est
1029 4344 1126 4419 atque
1148 4357 1257 4406 omnes

1036 4454 1057 4511 4
