3078 5096
798 413 838 474 46

274 586 441 663 cenaverit,
465 589 499 650 et
510 589 683 668 compluria
703 591 793 658 talia.
827 593 951 672 Miller,
975 596 1029 676 qui
1051 597 1284 665 bascellaria
1307 601 1376 667 Ma·

275 691 360 756 ximo
382 690 509 758 fluxisse
533 693 620 760 (lucit
650 698 692 778 (p.
711 702 779 777 144,
806 701 888 782 111),
919 704 1090 783 contendit,
1113 706 1190 772 haec
1210 707 1377 788 haudqua-

274 816 370 878 quam
384 818 404 863 a
418 799 518 866 Dione
535 803 712 885 discrepare
731 807 762 888 ¹),
785 808 845 872 Dio
866 810 947 875 enim
965 811 1050 891 dicit,
1073 811 1272 880 Pertinacem
1298 818 1377 881 ami·

274 925 327 973 cos
345 912 571 988 senatoresque
592 908 775 998 σωφρόνως
792 918 895 997 epulis
918 923 1089 1001 excepisse,
1117 922 1170 986 sed
1204 923 1377 990 ditissimos

273 1033 415 1097 quosque
435 1017 632 1086 Pertinacem
659 1023 767 1090 risisse
789 1031 821 1090 11
844 1027 961 1093 Mdller
981 1033 1076 1110 putat
1096 1031 1178 1096 inter
1209 1032 1268 1097 hos
1285 1031 1374 1097 ditis-

273 1123 367 1188 simos
388 1124 484 1191 luisse
508 1126 642 1193 Marium
662 1129 834 1198 Maximum
857 1153 927 1200 oum
947 1136 1096 1203 scriberet
1118 1138 1314 1204 Pertinacem
1337 1157 1373 1204 re

273 1231 457 1298 illiberalem
488 1256 526 1302 ac
560 1257 657 1320 prope
687 1241 847 1306 sordidum
881 1242 987 1310 inisse.
1031 1245 1091 1311 Sed
1124 1263 1216 1312 nemo
1250 1248 1375 1326 estqui

273 1349 368 1422 neget
389 1362 462 1410 vere
483 1346 570 1411 avari
592 1348 726 1412 hominis
748 1368 815 1416 essa
836 1369 919 1432 quae
946 1354 986 1419 de
1012 1355 1201 1437 imperatore
1224 1371 1374 1420 enarran-

272 1454 326 1516 tur
352 1456 398 1530 12,
424 1458 514 1519 2-1.
560 1456 681 1523 Μ11111
709 1458 866 1526 Maximus
891 1462 985 1545 longa
1008 1462 1069 1529 alio
1091 1465 1183 1530 modo
1212 1465 1251 1530 de
1274 1464 1374 1529 Perti-

272 1577 347 1627 nace
372 1564 482 1630 retulit
513 1571 545 1630 11
576 1568 695 1646 optime
723 1587 794 1634 cum
824 1569 924 1636 Dione
958 1572 1113 1638 consentit
1133 1577 1163 1653 8,
1186 1578 1220 1637 9:
1253 1573 1376 1638 ›iconti-

272 1670 355 1734 vium
384 1672 624 1754 imperatorium
656 1694 696 1740 ex
729 1677 878 1742 immenso
908 1678 948 1742 ad
978 1684 1100 1744 certum
1128 1681 1287 1745 revocavit
1307 1698 1373 1745 mo

271 1779 365 1843 dum«
392 1778 480 1861 1111,
507 1785 553 1846 ll.
597 1783 641 1846 Et
669 1800 740 1848 cum
770 1803 852 1864 quae
874 1805 943 1868 cap.
960 1790 995 1850 12
1018 1791 1212 1853 enarrantur
1241 1805 1312 1852 oum
1335 1787 1373 1852 iis

271 1894 456 1969 congruant,
486 1908 569 1970 quae
591 1891 728 1957 Cordum
755 1895 787 1958 in
810 1897 912 1960 lucem
944 1896 1077 1961 edidisse
1100 1897 1223 1976 scimus,
1246 1895 1374 1979 Capito·

271 1997 369 2061 linum
392 1996 442 2064 laic
463 2015 589 2081 quoque
608 2005 645 2064 ut
666 2003 696 2065 in
717 2002 782 2067 vita
804 2002 913 2080 Marci,
937 2003 1097 2070 Commodi
1117 2004 1253 2071 Cordum
1272 2005 1373 2085 epito-

273 2125 376 2173 masse
396 2109 485 2174 duco.

138 2218 262 2268 nasama.
375 2216 453 2283 Post
476 2217 564 2284 Marii
578 2219 707 2284 Maximi
730 2218 887 2300 Gordique
909 2222 1067 2301 epitomen
1088 2220 1300 2303 capitolinum
1316 2237 1372 2284 cx·

272 2332 380 2409 carpta
401 2325 498 2393 affere
520 2346 601 2408 quae
621 2327 677 2392 sibi
690 2328 773 2408 fecit,
794 2334 966 2408 antequam
986 2330 1027 2395 ad
1047 2329 1210 2397 historiam
1236 2329 1373 2396 scriben-

269 2437 343 2502 dam
366 2434 602 2518 aggrederetur,
626 2441 811 2516 exspectare
827 2437 987 2503 debemus.
1031 2438 1097 2504 Nec
1117 2455 1257 2520 spesnos
1277 2436 1369 2504 111111

271 2542 360 2621 Quae
380 2545 461 2608 enim
483 2548 655 2610 narrantur
677 2546 716 2609 ab
742 2548 788 2624 12,
815 2549 835 2608 3
859 2545 1017 2626 usquead
1044 2549 1090 2625 13,
1114 2550 1132 2610 9
1155 2544 1281 2628 singula
1303 2563 1371 2612 esse

270 2657 417 2734 excerpta
439 2671 496 2735 pro
520 2653 693 2718 certissimo
715 2654 823 2720 habeo.
868 2654 1011 2720 Primum
1035 2654 1162 2735 quidem
1182 2657 1367 2734 excerptum

270 2764 390 2841 11112,
414 2766 446 2825 8:
472 2759 594 2826 asana
617 2797 657 2806 -
678 2761 842 2827 dicuntur«
878 2780 960 2843 quae
985 2762 1231 2844 haudquaquam
1254 2761 1295 2826 ad
1320 2763 1368 2841 12,

273 2873 350 2932 1-7
374 2869 519 2934 attinent.
563 2867 713 2936 Fortasse
729 2874 775 2948 13,
803 2874 883 2936 1--4
902 2887 966 2935 nno
988 2889 1028 2936 ex
1041 2875 1170 2936 auctore
1191 2868 1368 2936 flnxmunt:

270 2976 467 3044 Pertinacem
490 2978 626 3044 noluisse
647 2978 761 3043 liberos
782 2996 855 3044 suos
876 2979 909 3044 in
932 2979 1050 3062 palatio
1071 2978 1187 3045 erudiri
1213 2979 1272 3043 Dio
1294 2981 1371 3059 quo·-

269 3087 449 3169 querelari
471 3091 521 3154 73,
543 3091 572 3150 7.
616 3087 677 3152 Sed
699 3106 770 3154 cum
794 3089 992 3170 Capitolinus
1014 3088 1098 3154 dicat
1119 3087 1201 3153 iiiios
1221 3087 1370 3153 habuisse

268 3194 464 3261 Pertinacem
498 3196 583 3276 apud
604 3197 736 3262 Dionem
771 3203 819 3262 est
851 3215 949 3263 unum
986 3203 1112 3264 tantum
1141 3195 1241 3262 filium
1271 3195 1370 3262 irrisae

268 3304 436 3370 Pertinaci.
471 3310 668 3383 13,1-41
700 3305 801 3371 Mario
830 3305 969 3373 Maximo
991 3305 1121 3373 fluxisse
1154 3303 1369 3388 compluribus

268 3415 429 3480 decausis
460 3433 549 3497 nego.
595 3415 696 3492 Quam
731 3415 864 3498 benigne
897 3422 930 3482 et
951 3416 1082 3481 comiter
1105 3414 1256 3480 Pertinax
1287 3431 1369 3497 erga

267 3530 412 3590 senatum
434 3543 467 3590 se
488 3526 631 3607 gesserit,
654 3526 764 3590 attulit
784 3524 905 3590 Marius
918 3525 1078 3591 Maximus
1103 3527 1134 3604 6,
1155 3527 1172 3586 7
1196 3524 1252 3590 sed
1274 3524 1368 3604 longe

267 3633 336 3698 aliis
358 3632 476 3698 verbis:
514 3632 688 3714 »suscipere
711 3651 745 3697 11
766 3633 863 3697 etiam
892 3632 1099 3714 imperinma
1128 3637 1242 3700 senatu
1275 3630 1367 3710 dixit,

267 3740 433 3820 quodiam
456 3745 568 3822 sponte
592 3739 733 3820 inierat«
760 3740 864 3821 equod
881 3741 946 3806 iam
967 3745 1078 3824 sponte
1089 3741 1220 3808 inierata
1248 3741 1367 3807 ironice

266 3849 384 3913 dictum
405 3853 462 3926 111,
484 3865 587 3928 neque
607 3847 672 3918 ulla
694 3845 731 3913 iit
753 3849 869 3914 mentio
885 3847 1082 3915 Pertinacem
1103 3866 1137 3914 se
1158 3848 1290 3931 imperio
1312 3848 1367 3914 ab·

273 4002 463 4010 .-m

366 4100 391 4168 1)
410 4098 450 4154 (ll.
470 4097 524 4153 Dio
557 4102 601 4169 711,
619 4100 644 4156 3.
664 4103 680 4154 4
701 4104 788 4156 εἱστία
816 4119 845 4156 τε
870 4101 944 4174 ἡμᾶς
971 4095 1123 4173 σωφρόνως
1149 4104 1194 4154 καὶ
1219 4094 1305 4155 ὁπότε
1327 4097 1367 4172 μὴ

265 4195 343 4250 τοῦτο
368 4200 467 4261 ποιοίη,
497 4195 653 4268 διέπεμπεν
679 4191 768 4258 ἄλλοις
792 4192 859 4251 ἄλλα
885 4201 930 4250 ael
956 4195 989 4250 τὰ
1016 4192 1191 4252 εὐτελέστατα
1220 4217 1252 4244 =
1275 4195 1368 4250 »misit

266 4292 363 4347 offulas
381 4291 460 4346 binae
479 4297 529 4347 aut
548 4292 636 4347 omasi
653 4296 792 4364 partemlc
