3078 5096
814 389 853 450 14

283 589 382 638 annos
402 585 500 650 agens
521 566 649 632 Marcus
672 565 854 646 haberetur,
877 565 969 631 Pium
991 566 1176 632 Hadrianus
1198 585 1237 634 eo
1257 569 1328 650 lege
1350 569 1384 633 in

285 681 485 762 adoptionem
514 676 611 758 elegit
632 680 668 741 nt
697 673 753 739 sibi
781 675 922 740 Marcum
958 676 1035 741 Pius
1065 676 1261 758 adoptaret«
1305 677 1333 760 §-
1347 685 1382 744 6:

284 793 413 854 »octavo
437 785 556 850 decimo
580 803 656 864 ergo
678 785 793 850 aetatis
810 801 892 849 anno
907 786 1079 867 adoptatus
1099 786 1131 848 in
1151 787 1292 852 secundo
1310 805 1383 854 con-

280 899 390 961 sulatu
421 895 580 972 Antonini,
617 894 681 958 iam
710 893 811 973 patris
846 895 923 958 sui«
975 895 1231 975 Haudquaquam
1271 897 1384 964 deinde

280 1005 469 1070 credendum
497 1008 546 1068 est
585 1001 720 1068 Marium
759 1001 944 1082 Maximum,
980 1003 1034 1085 qui
1065 1003 1220 1069 Hadriani
1256 1022 1384 1086 quoque

281 1113 380 1178 vitam
414 1112 589 1193 composuit
622 1111 655 1174 in
689 1111 786 1176 Marci
820 1112 886 1176 vita
911 1111 950 1174 de
981 1110 1055 1176 Veri
1085 1113 1204 1178 somnis
1227 1115 1382 1182 retulisse.

282 1220 344 1288 Sed
364 1223 434 1286 luce
456 1219 571 1285 clarius
592 1216 636 1296 fit,
662 1217 786 1300 §.125
810 1235 908 1282 none
931 1217 1030 1283 Mario
1054 1221 1194 1285 Maximo
1217 1234 1382 1290 emanasse

280 1331 373 1396 rebus
401 1330 479 1413 ipsis
511 1346 593 1410 quae
620 1330 812 1392 narrantur:
851 1327 962 1391 uPium
996 1327 1178 1396 Hadrianus
1201 1349 1238 1396 ea
1259 1332 1332 1414 lege
1353 1334 1385 1396 in

280 1439 482 1519 adoptionem
505 1435 601 1516 elegit
613 1441 650 1500 ut
671 1435 729 1499 sibi
744 1435 891 1500 ‘Marcum
914 1435 990 1501 Pius
1014 1423 1184 1517 adoptaret
1205 1439 1251 1504 ita
1272 1445 1381 1505 tamen

280 1553 317 1612 ut
340 1552 372 1612 et
393 1547 521 1612 Marcus
544 1544 603 1610 sibi
617 1543 750 1609 Lucium
763 1542 973 1610 Commodum
993 1547 1190 1627 adoptaret«
1236 1547 1381 1613 Marcum

280 1659 313 1720 et
333 1654 452 1720 Verum
490 1654 529 1718 ab
554 1654 712 1718 Antonino
732 1653 788 1718 Pio
811 1653 978 1734 adoptatos
1019 1673 1088 1720 esse
1110 1662 1142 1721 et
1163 1656 1384 1736 inscriptiones

280 1767 312 1828 et
330 1763 449 1827 nummi
475 1763 645 1829 ostendunt
660 1762 694 1840 1).
719 1762 856 1826 Marium
872 1762 1046 1827 Maximum
1069 1765 1123 1843 qui
1139 1769 1206 1829 tam
1231 1771 1380 1830 accurate

280 1871 318 1935 de
351 1870 451 1935 Marci
485 1869 604 1936 familia
641 1871 768 1949 retulit,
807 1869 870 1934 ista
903 1869 1070 1936 nescivisse
1113 1871 1295 1936 incredibile
1329 1877 1381 1938 est

280 1979 392 2045 Multis
422 1979 508 2058 locis,
541 1997 619 2058 quos
651 1977 743 2042 Marii
771 1978 902 2042 Maximi
938 1996 1005 2043 esse
1039 1978 1249 2058 ostendimus,
1277 1981 1382 2046 Verus

278 2085 380 2153 frater
402 2087 500 2152 Marci
533 2087 716 2168 appellatur
745 2105 813 2168 cap.
839 2091 873 2165 7,
898 2091 926 2151 3.
962 2091 1008 2166 12,
1047 2091 1075 2150 7.
1111 2091 1167 2166 15,
1201 2092 1229 2165 8,
1260 2093 1318 2168 20,
1352 2094 1379 2169 1,

280 2196 413 2276 aliisque
449 2195 542 2276 tocie,
582 2213 660 2276 quos
694 2196 845 2277 plurimos
882 2213 899 2259 e
930 2195 1030 2260 llario
1064 2195 1201 2261 Maximo
1250 2196 1381 2264 fluxisse

279 2303 586 2382 demonstrabimus
639 2304 766 2384 adoptio
808 2304 849 2369 ad
899 2303 1064 2369 veritatem
1122 2310 1291 2370 enarratur
1336 2306 1383 2372 uit

279 2413 378 2476 Hadr.
402 2416 451 2493 24,
477 2417 503 2477 1.
544 2412 593 2476 Pii
617 2418 646 2492 4,
672 2417 698 2476 5.
734 2411 805 2477 Hel.
830 2417 929 2491 5,12.
966 2417 993 2492 6,
1018 2417 1045 2476 9.
1079 2413 1152 2478 Veri
1176 2419 1203 2492 3,
1226 2418 1253 2478 6.
1298 2414 1381 2492 Quo-

279 2521 371 2587 modo
409 2521 518 2585 labula
551 2526 622 2586 orta
659 2521 700 2586 sit
731 2521 849 2586 Verum
883 2541 902 2586 a
936 2521 1044 2586 Marco
1082 2539 1146 2586 non
1172 2540 1192 2585 u
1223 2522 1280 2588 Plo
1310 2541 1380 2588 esse

280 2630 465 2710 adoptatum
504 2634 637 2710 apparet
668 2647 706 2693 ex
737 2631 784 2693 vit
813 2629 912 2692 Marci
934 2633 952 2692 7
964 2679 970 2708 ,
1005 2633 1022 2692 7
1061 2633 1112 2694 net
1147 2629 1208 2712 (sc.
1241 2630 1381 2713 Marcus)

280 2739 393 2818 quasi
428 2743 553 2820 pater
589 2737 677 2803 Lucii
710 2737 872 2802 Commodi
909 2745 1045 2818 esset,
1086 2743 1118 2802 et
1147 2739 1264 2804 Verum
1307 2757 1380 2804 eum

279 2846 451 2927 appellavit
492 2844 652 2925 filiamque
694 2865 785 2910 suam
817 2846 972 2910 Lucillam
1007 2843 1050 2910 fr
1066 2852 1112 2912 at
1129 2849 1169 2910 ri
1203 2847 1376 2929 despondit.

280 2952 360 3017 Cum
382 2954 480 3036 igitur
513 2972 719 3035 quaecunque
753 2954 793 3017 ad
826 2955 1074 3034 rempublicam
1098 2955 1379 3022 administrandam

277 3064 472 3143 pertinerent
506 3065 653 3128 aMarco
691 3067 876 3144 gererentur
915 3082 1016 3143 neque
1042 3065 1142 3130 Verus
1181 3064 1247 3129 ullo
1286 3065 1378 3130 modo

278 3171 372 3236 rebus
393 3170 524 3253 publicis
561 3190 688 3252 operam
719 3173 818 3252 daret,
853 3173 972 3252 posteri
1005 3191 1041 3238 eo
1070 3173 1214 3254 perducti
1235 3177 1319 3255 sunt,
1341 3181 1379 3240 ut
1444 3237 1448 3243 .

279 3276 423 3343 Marcum
454 3279 555 3342 solum
576 3280 800 3360 imperatorem
830 3278 928 3344 fuisse
951 3281 1130 3359 Verumque
1161 3282 1201 3346 ab
1222 3299 1258 3346 eo
1283 3282 1380 3362 adop-

277 3389 382 3450 tatum
416 3405 485 3452 esse
516 3393 676 3469 putarent.
735 3388 794 3464 Qui
829 3406 1022 3466 erroneum
1059 3390 1090 3452 in
1123 3387 1216 3452 Marii
1248 3389 1379 3454 Maximi

278 3493 397 3574 scripta
425 3513 487 3559 non
509 3497 680 3578 irrepserit,
703 3497 862 3561 invenitur
887 3503 991 3560 tamen
1013 3497 1046 3561 in
1066 3498 1201 3577 epistola
1224 3497 1269 3562 vit
1289 3497 1380 3564 Cassi

278 3617 303 3666 c.
321 3604 347 3664 1.
370 3601 396 3684 ὅ.
411 3605 503 3668 7-8.
547 3603 616 3681 Qua
651 3606 683 3668 in
714 3606 847 3687 epistola
868 3605 943 3670 Pius
969 3622 1046 3670 avus
1062 3605 1145 3682 Veri,
1166 3611 1260 3687 pater
1280 3605 1380 3672 Marci

276 3712 524 3790 cognominatur.
580 3713 682 3790 Quam
716 3713 755 3779 ob
787 3733 917 3780 causam
939 3714 1094 3779 Gnsualina
1118 3717 1162 3794 (p.
1176 3719 1216 3779 20
1231 3715 1286 3797 ss.)
1313 3715 1378 3796 epi-

277 3818 391 3884 stolam
414 3822 555 3901 spuriam
576 3841 647 3890 esse
669 3823 826 3888 iudicavit.
870 3822 1020 3889 Defendit
1040 3823 1157 3888 Miiller
1179 3823 1223 3907 (p.
1236 3825 1375 3906 54-57)

379 4097 405 4168 1)
426 4097 501 4164 Quae
521 4098 615 4153 attulit
629 4098 771 4152 analina.
811 4098 852 4152 De
872 4099 1056 4167 epistularum
1069 4103 1250 4167 actorumque
1269 4116 1339 4168 quae
1361 4116 1379 4154 a

277 4191 461 4260 scriptoribus
480 4194 544 4248 hist.
565 4193 636 4264 Aug.
648 4195 831 4264 proferuntur
848 4193 903 4248 fide
923 4199 1006 4262 atque
1024 4195 1194 4250 auctoritate
1214 4195 1281 4249 Pars
1299 4197 1378 4265 prior

277 4283 389 4340 Bonnae
410 4290 480 4342 1870
500 4290 535 4344 cf.
554 4308 582 4359 p.
592 4293 635 4345 20.
