3078 5096
699 429 736 489 15

174 608 350 692 epistolam.
400 607 501 672 Putat
532 607 613 673 enim
644 608 762 674 Verum
794 608 980 689 adoptatum
1009 605 1135 688 quidem
1163 607 1269 686 aPio‚

170 723 362 784 nontamen
394 716 494 780 fflium
518 716 572 784 scd
606 721 750 800 nepotem
771 716 819 781 Pii
840 717 1034 797 appellatum
1057 732 1137 780 esse.
1180 715 1271 792 Quod

170 823 366 890 demonstrat
394 839 433 887 ex
457 823 523 886 vita
547 822 623 886 Veri
647 825 675 902 3,
700 825 736 887 6:
766 823 836 887 nhic
858 827 914 900 (sc.
937 823 1053 906 Verus)
1076 841 1148 890 curn
1173 825 1273 889 tantis

171 933 355 1012 deliciarum
385 938 418 998 et
457 931 602 996 luxuriae
632 935 820 1012 quateretur
851 930 1008 998 erroribus
1041 934 1080 998 ab
1114 933 1272 998 Antonino

176 1042 300 1108 videtur
319 1041 360 1107 ob
392 1040 451 1105 hoc
481 1043 628 1106 retentus
658 1039 742 1120 quod
777 1047 965 1126 cumpater
993 1042 1041 1108 ita
1072 1044 1103 1108 in
1132 1043 1272 1124 adoptio·

173 1169 243 1216 nem
266 1151 318 1216 Pii
338 1152 475 1216 transire
508 1151 645 1216 iusserat
677 1154 715 1215 ut
742 1154 889 1230 nepotem
916 1150 1125 1232 appellaret«
1172 1149 1273 1227 Quem

171 1262 285 1327 locum
315 1262 499 1340 corruptum
539 1275 608 1324 esse
653 1261 687 1322 et
718 1259 895 1324 Mommsen
923 1264 956 1323 et
977 1259 1133 1325 Oberdick
1172 1260 1272 1341 suspi-

170 1371 230 1436 cati
259 1374 342 1434 sunt.
393 1367 569 1433 Mommsen
588 1367 610 1450 ¹)
631 1385 689 1449 pro
718 1367 783 1431 Pii
808 1366 911 1433 noluit
933 1368 997 1432 sib
1011 1368 1029 1446 i,
1071 1367 1230 1434 Oberdick
1244 1366 1272 1452 ²)
1326 1400 1330 1408 ·

171 1495 227 1558 pro
259 1475 328 1541 Pii
364 1477 537 1541 transire
568 1476 791 1556 pertransire.
852 1475 973 1552 Quibus
1004 1475 1273 1542 emendationibus

171 1587 325 1667 neglectis
346 1585 465 1650 Miiller
493 1589 588 1666 putat
605 1582 697 1648 Pium
730 1584 776 1648 ita
797 1584 916 1648 Verum
939 1585 1115 1668 adoptasse,
1141 1591 1178 1649 ut
1200 1603 1273 1651 eum

172 1699 317 1774 nepotem
353 1711 416 1759 non
438 1692 538 1758 filium
560 1691 744 1774 appellaret.
799 1692 925 1758 nDurch
948 1693 1034 1759 diese
1055 1694 1274 1776 Bestimmung

172 1803 278 1869 stellte
300 1803 365 1868 sich
387 1804 445 1868 das
467 1801 657 1868 sonderbare
681 1800 882 1867 Verh'altniss
905 1803 965 1882 ein,
989 1804 1062 1868 dass
1084 1820 1167 1865 zuar
1188 1802 1274 1867 Mar-

172 1929 226 1977 cus
258 1912 324 1977 und
344 1912 446 1978 Verus
479 1911 577 1977 durch
600 1912 649 1977 die
668 1911 827 1991 Adoption
852 1910 907 1977 des
932 1912 1111 1978 Antoninus
1134 1911 1199 1976 sich
1225 1913 1272 1980 als

171 2021 293 2087 Brbder
325 2021 426 2103 gleich
460 2020 794 2102 gegenunerstandem
828 2021 932 2087 Verus
970 2021 1046 2088 aber
1075 2020 1270 2103 denjenigen,

172 2131 310 2196 nelchen
333 2131 460 2196 Marcus
482 2131 663 2195 numVater
682 2131 773 2195 hatte
786 2128 978 2196 Grossvater
998 2148 1121 2194 nennen
1142 2133 1272 2195 musste.

172 2239 374 2306 Andrerseits
407 2238 520 2304 hatten
536 2238 636 2305 beide
665 2240 780 2305 wieder
814 2237 875 2302 den
905 2238 1048 2321 gleichen
1086 2239 1275 2306 Grossvater

170 2347 323 2426 Hadrian,
348 2347 450 2414 dieser
471 2365 536 2412 war
558 2346 748 2412 Grossvater
770 2348 824 2412 des
845 2346 949 2412 Verus
972 2349 1021 2414 ais
1043 2348 1273 2428 Adoptivvater

170 2474 231 2521 von
262 2457 375 2522 dessen
402 2457 611 2522 natiirlichem
632 2457 733 2523 Vater
762 2456 907 2523 Ceionius
932 2457 1149 2522 Commodus«
1211 2457 1273 2523 Sed

168 2584 340 2648 numquam
356 2567 539 2632 exauditum
554 2570 603 2631 est
625 2566 710 2648 apud
732 2568 899 2643 Romanos,
925 2567 1082 2647 quendam
1096 2567 1127 2631 in
1150 2570 1273 2650 nepotis

172 2675 275 2740 locum
299 2690 368 2740 esse
397 2671 592 2754 adoptatum,
628 2675 661 2735 et
682 2673 708 2736 si
729 2671 779 2736 hic
800 2690 882 2735 unus
897 2672 999 2738 Verus
1021 2671 1139 2754 (nescio
1161 2673 1274 2752 quibus

172 2782 345 2857 decausis)
368 2782 399 2846 in
432 2783 554 2862 nepotis
578 2781 681 2844 locum
704 2785 787 2846 esset
816 2782 995 2861 adoptatus,
1020 2785 1105 2845 certe
1128 2780 1273 2846 omnibus

172 2892 204 2956 in
225 2891 312 2970 locis,
335 2891 389 2970 qui
405 2890 605 2971 adoptionem
620 2889 837 2988 tractantshoc
856 2895 940 2955 esset
961 2888 1148 2968 expositum,
1172 2907 1275 2970 neque

171 2999 297 3065 Marcus
323 3000 468 3065 etVerus
491 2998 608 3065 fratres
643 3000 796 3081 appellari
821 3003 959 3079 possent.
1003 2999 1118 3079 Atque,
1141 2999 1274 3078 etiamsi,

172 3107 255 3186 quod
280 3107 311 3171 in
329 3107 485 3172 codicibus
507 3111 556 3171 est
582 3104 666 3170 »Pii«
693 3107 910 3186 incorruptum
936 3112 1028 3185 esset,
1054 3110 1182 3172 netum
1205 3107 1273 3185 qui-

172 3215 244 3282 dem
279 3215 467 3280 vertendum
501 3220 585 3279 esset
615 3220 651 3280 ut
683 3214 820 3278 Muliero
853 3214 977 3280 videtur
1010 3215 1064 3279 scd
1098 3215 1274 3280 subiectum

171 3323 260 3389 verbi
272 3324 487 3405 »appellarer«
505 3328 532 3401 3,
543 3327 619 3390 best
632 3331 724 3406 pater
739 3347 774 3380 =
783 3322 965 3388 Hadrianus
979 3342 1040 3388 non
1053 3323 1137 3388 Pius.
1159 3321 1275 3389 Assen-

173 3433 218 3497 tio
241 3433 338 3514 igitur
364 3425 539 3498 analinae
561 3433 701 3498 censenti
725 3432 875 3512 epistolas
887 3435 945 3497 vit.
966 3431 1036 3498 Cas.
1049 3449 1075 3497 c.
1094 3434 1187 3495 let2
1208 3448 1276 3496 esse

173 3540 297 3621 spurias
327 3544 361 3605 et
385 3543 413 3620 2,
437 3544 454 3603 5
479 3557 592 3605 nomen
626 3540 847 3607 »Hadrianus«
879 3560 896 3606 e
926 3541 1069 3622 margine
1100 3542 1133 3605 in
1153 3544 1277 3606 textum

174 3649 350 3730 irrepsisse.
394 3648 474 3714 Aliis
496 3666 622 3731 quoque
643 3652 682 3716 de
703 3650 808 3716 causis
830 3650 984 3729 epistolae
1005 3655 1175 3729 suspectae
1193 3653 1276 3714 sunt.

175 3756 269 3824 Certo
291 3755 419 3824 Morcus
441 3777 502 3824 non
536 3758 662 3842 scripsit
687 3776 916 3826 »successorem
945 3776 1038 3824 suum
1065 3759 1174 3824 nullus
1199 3761 1275 3823 occi·

173 3865 238 3931 dito
262 3884 319 3931 nec
341 3867 514 3949 quidquam
532 3864 606 3933 fecit
635 3869 676 3934 ad
704 3868 887 3933 seditionem
916 3866 1098 3946 sedandam,
1131 3866 1186 3932 sed
1207 3886 1277 3932 cum

174 3975 301 4042 Cassius
325 3973 365 4039 ab
389 3994 426 4041 eo
456 3973 612 4058 deficeret,
640 3993 851 4058 magnacum
879 3975 1039 4043 celeritate
1060 3976 1093 4040 in
1115 3975 1276 4042 Orientem

275 4236 349 4306 l)1n
367 4235 491 4290 editione
509 4236 623 4292 Iordani
641 4241 670 4292 et
689 4235 899 4305 Eyssenhardti.

274 4334 301 4401 2)
321 4331 483 4388 zeitschrift
501 4332 547 4387 frir
566 4333 728 4388 beterreioh.
747 4332 999 4401 Gymnasien1865
1017 4349 1045 4402 p.
1064 4332 1126 4386 739.
