3078 5096
602 363 748 422 -23

183 541 364 624 scripserint
405 545 564 610 »Domitia
597 543 749 610 Lucilla«.
801 544 900 610 Error
930 545 962 608 in
997 543 1117 610 codices
1152 545 1283 626 irrepsit

183 669 247 716 curn
271 651 373 717 scriba
405 652 532 732 qnidam
555 652 653 718 titiam
675 654 714 716 de
735 655 827 735 patre
849 650 1045 718 nominatam
1060 669 1130 718 esse
1152 655 1286 734 putaret

182 764 213 826 ct
244 777 262 824 e
295 759 448 826 »Caldam
482 761 607 826 nomine
636 759 802 826 Caluillam
831 759 1136 841 fingeretffNeque
1170 763 1281 825 tamen

181 869 254 934 side
274 873 367 950 patre
388 872 611 951 cognominata
628 875 720 948 esset,
746 869 774 934 ei
800 886 914 934 nomen
937 868 1091 934 Calviliae
1121 869 1176 936 sed
1194 868 1281 934 Gal-

181 977 342 1044 risillae
373 983 468 1044 esset.
510 978 622 1046 Nescio
660 979 767 1060 igitur,
799 995 855 1042 cur
886 977 982 1044 Peter
1011 995 1073 1042 non
1107 977 1280 1059 scripserit,

180 1088 262 1168 quod
293 1089 357 1153 iam
386 1087 563 1168 complures
586 1088 670 1154 docti
702 1089 762 1154 riri
787 1086 997 1172 votuerunt1)
1032 1088 1190 1155 »Lucilla«
1224 1104 1282 1170 pro

182 1196 361 1264 »Caluilla«

275 1304 355 1372 Cum
385 1305 482 1388 igitur
505 1307 555 1372 hio
577 1324 665 1372 error
688 1325 750 1372 non
775 1309 842 1372 tarn
865 1305 966 1371 Mario
988 1304 1128 1371 Maximo
1150 1306 1205 1372 sed
1228 1323 1278 1372 oo·

178 1411 295 1478 uicibus
328 1413 516 1480 tribuendus
546 1415 588 1482 sit
615 1415 679 1479 aiio
712 1419 817 1480 tamen
848 1414 914 1480 loco
943 1411 1080 1478 Marium
1104 1413 1278 1479 Maximum

178 1539 296 1588 errasse
320 1524 408 1588 recte
421 1521 625 1588 Oasaubonus
641 1522 666 1605 ²)
689 1528 721 1588 et
738 1521 862 1588 Sicrcrs
878 1524 904 1598 8)
926 1522 1128 1588 adnotarunt.
1159 1523 1282 1588 Retulit

178 1632 258 1698 enim
289 1630 411 1696 Marius
434 1631 592 1698 Maximus
607 1629 635 1714 ⁴)
664 1632 807 1697 Marcum
842 1631 1029 1714 adoptatum
1062 1648 1131 1696 esse
1166 1634 1277 1696 octavo

179 1737 425 1804 docimoaetatis
447 1756 529 1804 anno
552 1737 583 1802 id
604 1743 654 1806 est
675 1739 746 1804 inde
768 1738 808 1804 ab
830 1736 875 1802 VI
887 1736 951 1803 Cal.
969 1736 1071 1803 Maias
1100 1741 1157 1800 138
1181 1730 1315 1818 usqu'e'

180 1846 218 1912 ad
251 1846 297 1912 VI
312 1845 377 1912 Gal.
407 1846 509 1914 Maias
531 1867 560 1913 a.
584 1851 653 1927 139,
686 1852 718 1912 et
738 1847 900 1914 Hadriano
927 1846 958 1910 in
980 1850 1093 1912 senatu
1124 1843 1282 1912 referente

178 1959 378 2034 quaestorem
409 1971 482 2022 esse
514 1954 723 2038 designatum.
767 1954 949 2020 Hadrianus
979 1953 1062 2019 diem
1094 1971 1277 2036 supremum

180 2063 255 2128 obiit
277 2063 321 2129 VI
342 2063 389 2128 Id.
411 2063 470 2130 Inl.
491 2069 559 2128 138.
595 2063 750 2142 Quaestor
772 2083 848 2146 ergo
869 2063 1053 2146 designatus
1075 2066 1125 2128 est
1148 2063 1277 2129 Marcus

177 2175 318 2255 temporo
339 2172 422 2252 quod
453 2173 619 2238 intercedit
647 2173 730 2240 inter
757 2173 801 2238 VI
817 2173 881 2238 Cal.
909 2172 1011 2238 Maias
1044 2171 1208 2252 atqueVI
1229 2171 1276 2236 Id.

176 2278 233 2346 Inl.
259 2284 318 2344 138
341 2287 373 2347 et
394 2286 544 2363 quaestor
561 2279 623 2348 fuit
645 2282 718 2347 anni
746 2286 819 2363 1393
846 2281 930 2363 quod
949 2279 1154 2347 confirmatur
1176 2283 1194 2342 6
1212 2279 1239 2362 5.
1258 2283 1276 2343 3

178 2389 299 2456 »adhuc
321 2396 522 2471 quaestorem
544 2393 704 2456 consulem
727 2409 832 2456 secum
857 2391 934 2456 Pius
955 2390 1099 2456 Marcum
1133 2389 1279 2469 designa-

175 2499 249 2578 vit‚c
274 2498 399 2564 Marcus
423 2501 506 2564 enim
531 2501 730 2565 consuleret
755 2517 827 2564 ann.
854 2503 912 2562 140
925 2495 952 2582 ⁶)
977 2503 1009 2575 et
1029 2502 1181 2580 quaestor
1202 2498 1278 2562 anni

178 2611 245 2672 139.
289 2607 429 2674 Additur
450 2614 558 2674 autem
580 2609 723 2674 Marcum
746 2607 933 2690 adoptatum
951 2626 1020 2674 esse
1038 2611 1151 2674 octavo
1170 2609 1202 2670 et
1225 2606 1279 2670 de·

175 2715 255 2782 cimo
279 2717 394 2782 aetatis
416 2735 498 2784 anno
523 2717 733 2784 »insecundo
757 2717 923 2782 consulatu
934 2715 1115 2792 Antoninis
1140 2714 1277 2794 quicon·

175 2825 223 2888 sni
244 2823 306 2890 fuit
329 2826 402 2889 anni
427 2826 495 2892 139.
539 2826 676 2892 Marium
700 2825 877 2890 Maximum
895 2842 971 2906 ergo
992 2823 1026 2888 in
1049 2822 1188 2888 fontibus
1212 2821 1279 2888 suis

172 2932 328 3001 invenisse
348 2952 469 3012 censeo,
490 2934 633 3001 Marcum
655 2934 842 3016 adoptatum
876 2950 944 3000 esse
968 2937 1079 2998 octavo
1102 2937 1134 2997 et
1156 2933 1276 2998 decimo

173 3045 288 3108 aetatis
310 3062 392 3109 anno
416 3051 512 3126 atque
533 3064 607 3112 eum
628 3043 725 3110 instes
757 3045 938 3110 consulares
960 3043 1143 3125 inspexerit,
1179 3043 1280 3108 Anto-

276 3293 302 3364 l)
321 3293 498 3363 Borghesi
516 3294 547 3348 iu
564 3293 695 3348 Giornale
720 3293 850 3349 arcadico
867 3293 889 3349 I.
909 3293 1059 3350 eoo-369.
1096 3292 1226 3362 Figulina
1251 3291 1281 3346 di

172 3390 298 3445 Dominio
328 3389 437 3444 Lucilia
465 3390 562 3444 madre
599 3389 663 3444 dell’
692 3375 862 3458 imperatore
892 3390 930 3445 M.
957 3390 1081 3444 Aurelio.
1124 3388 1194 3444 Noel
1230 3387 1278 3442 das

171 3487 301 3556 Vergers.
326 3486 407 3540 Essai
417 3503 465 3539 sur
477 3486 555 3542 Maro
565 3485 669 3541 Aurele
684 3487 794 3556 d’apres
812 3489 852 3542 les
864 3492 1041 3542 monuments
1054 3485 1278 3558 epigraphiques.

172 3584 251 3636 Paris
273 3585 342 3636 1860
363 3601 388 3651 p.
403 3584 473 3636 s-4
491 3584 554 3637 adn.
576 3585 599 3635 1.
637 3584 725 3640 Filiae
743 3601 853 3654 quoque
865 3584 956 3639 Marci
973 3599 1077 3639 nomen
1095 3586 1138 3636 est
1154 3579 1279 3636 Lucillaa

172 3678 209 3732 cf.
225 3679 274 3732 vit.
293 3678 383 3732 Marci
402 3681 426 3744 7,
446 3683 470 3742 8,
489 3680 538 3734 vit.
559 3678 626 3734 Veri
645 3682 670 3744 2,
691 3682 717 3733 4.

270 3775 298 3841 2)
318 3774 348 3829 L.
367 3791 391 3828 o.
409 3774 599 3830 adnotationis
617 3776 654 3831 ad
673 3776 749 3830 hune
766 3776 866 3832 locum.

272 3872 299 3938 3)
319 3869 435 3925 Siovere.
473 3869 639 3941 Programm
667 3873 716 3928 der
734 3870 902 3927 Realsohnle
920 3873 969 3928 des
993 3870 1180 3928 Iohannaums
1201 3870 1280 3935 1861,

170 3965 323 4035 repetitum
346 3965 387 4018 in:
412 3965 546 4022 »Studien
565 3983 616 4020 aur
634 3967 908 4037 Kaiaergesohiohtec
929 3986 956 4039 p.
973 3969 1113 4022 170-223
1122 3964 1157 4020 of.
1176 3983 1204 4036 p.
1219 3966 1279 4022 187.

173 4063 255 4117 Arum.
277 4063 318 4115 17.

270 4156 298 4224 4)
315 4156 371 4212 Vit.
391 4157 481 4212 Monoi
498 4175 522 4214 o.
538 4157 563 4221 5,
588 4161 613 4214 6.
633 4176 657 4214 c.
670 4161 696 4226 6,
719 4160 743 4211 1.

270 4253 298 4326 δ)
318 4253 358 4310 Gt
381 4255 499 4312 clinton.
518 4253 599 4312 Fasti
615 4254 735 4313 Romani
752 4255 789 4312 ad
806 4272 869 4314 anm
891 4259 953 4314 140.
