3078 5096
727 413 745 472 7

184 613 254 660 rum
278 595 413 660 alteram
443 589 627 656 seditionem
658 591 755 658 refert
773 591 968 674 Capitolinus
992 597 1021 670 8,
1048 597 1126 656 1-3
1148 592 1283 660 alteram

184 707 230 781 10,
250 705 342 766 4-8.
396 701 622 766 Adnotandum
643 705 700 780 est
737 699 951 782 Capitolinum
983 699 1043 766 boo
1065 718 1191 781 quoqne
1211 701 1280 768 loco

180 813 264 877 inter
278 809 450 876 Herodiani
474 809 571 875 verba
588 809 747 890 quaedam
770 810 939 876 inseruisse
963 828 1052 877 »crim
1074 809 1160 876 mille
1179 809 1283 878 edicta

180 918 332 985 Balbinus
351 925 569 1000 proponeret«,
597 936 700 999 neque
723 918 895 984 Herodiani
915 918 1012 984 verba
1032 918 1110 984 satis
1136 922 1285 984 accurate

180 1028 296 1107 legisse
318 1045 389 1092 oum
412 1027 452 1092 ab
476 1025 654 1093 Herodiano
687 1026 839 1092 aberrans
867 1025 1021 1094 scriberet
1044 1032 1076 1094 et
1095 1027 1128 1092 in
1150 1025 1229 1092 urbe
1251 1029 1285 1092 et

181 1138 213 1200 in
235 1136 348 1203 castris
368 1134 478 1200 eodem
499 1140 643 1217 tempore
668 1153 738 1202 esse
754 1139 931 1216 pugnatum
950 1135 1130 1215 militesque
1153 1138 1284 1218 pacatos

182 1247 216 1311 in
236 1245 346 1310 urbem
361 1245 493 1309 venisse.
536 1243 708 1310 Praeterea
739 1244 823 1308 inter
844 1243 1015 1310 Herodiani
1047 1244 1207 1327 epitomen
1244 1243 1284 1308 de

180 1355 299 1421 eisdem
324 1352 531 1420 seditionibus
560 1354 621 1419 alio
654 1372 694 1418 ex
714 1359 845 1421 auctore
866 1354 1009 1421 narratio
1031 1353 1182 1420 inseritur
1204 1372 1231 1419 c.
1254 1358 1283 1418 9.

181 1463 250 1540 Quo
284 1481 322 1530 ex
353 1463 455 1542 capite
488 1467 623 1543 apparet
653 1481 750 1529 unam
785 1467 913 1528 tantum
947 1463 1131 1530 seditionem
1165 1462 1284 1528 Romae

179 1569 277 1638 scrisse
298 1573 332 1637 et
353 1589 423 1636 eam
445 1571 572 1651 quidem
603 1572 687 1638 inter
714 1572 931 1654 praetorianos
955 1575 987 1637 et
1007 1571 1167 1653 populum.
1215 1569 1283 1636 Nisi

179 1680 379 1747 Herodianus
411 1679 517 1746 adhuc
548 1685 692 1748 exstaret
723 1679 860 1748 fortusse
890 1680 1122 1759 indicaremus,
1156 1677 1282 1759 Capito·

178 1771 277 1854 linum
308 1789 393 1869 apud
428 1793 591 1856 auctorem
623 1807 717 1854 snum
757 1795 822 1854 tres
857 1788 1026 1855 seditiones
1058 1791 1206 1853 narratas
1236 1787 1283 1852 in-

178 1899 308 1964 venisse.
362 1897 457 1964 Falso
493 1916 568 1978 ergo
602 1897 779 1964 Dandliker
821 1896 972 1964 iudicavit
1011 1914 1079 1979 cap.
1105 1900 1124 1959 9
1152 1894 1179 1977 ἓ.
1203 1899 1282 1960 1--3

176 2024 323 2089 magnam
346 2007 517 2087 inpurtem
539 2006 771 2073 exHerodIanu
797 2005 972 2089 fluxissed.
995 2025 1065 2087 cp.
1087 2007 1161 2082 306)
1184 2002 1217 2069 G.
1243 2007 1281 2067 12

177 2117 210 2181 et
233 2119 272 2180 14
282 2115 482 2182 Herodianus
496 2116 679 2197 excerpitur
699 2115 810 2181 eodem
834 2115 929 2182 modo
951 2131 1047 2193 quem
1071 2113 1135 2178 iam
1157 2110 1282 2194 saepius

177 2224 351 2290 invenimus
361 2224 449 2304 (Her.
463 2223 549 2302 VIII,
564 2222 673 2306 7-8).
698 2223 751 2288 Bis
768 2228 875 2289 temen
886 2223 1031 2288 narratio
1042 2219 1283 2302 interrumpitur

177 2331 204 2413 ἓ.
214 2335 297 2397 4-6
320 2331 424 2398 omissi
436 2331 698 2411 suntdenique
714 2367 751 2378 -
768 2332 918 2398 nescivit«
943 2335 979 2396 et
991 2330 1018 2413 ἓ.
1031 2333 1050 2392 8
1065 2328 1228 2410 »quamvls
1240 2365 1282 2376 -

177 2444 353 2521 nequeunt«
386 2441 447 2504 alio
480 2458 519 2505 ex
552 2445 691 2516 auctore,
726 2449 764 2506 ut
798 2440 925 2507 videtur
960 2458 978 2506 e
1014 2437 1114 2506 Cordo
1145 2439 1281 2506 insertis.

177 2547 251 2629 Cep.
277 2552 315 2611 14
337 2565 377 2612 cx
389 2547 569 2614 Herodiano
594 2547 671 2613 VIII
685 2553 705 2612 8
720 2547 824 2628 fluxit,
837 2548 1017 2630 Herodiani
1032 2547 1135 2614 verbis
1152 2548 1282 2614 inversis

175 2674 244 2722 curn
266 2656 293 2738 ᾖ.
317 2661 332 2719 l
359 2662 391 2720 et
414 2663 432 2720 2
453 2656 537 2738 apud
560 2656 774 2724 Herodianum
797 2661 870 2738 post
904 2675 946 2724 ea
973 2658 1078 2740 posita
1096 2657 1167 2738 sint,
1199 2677 1281 2738 quae

175 2765 202 2847 ἓ.
225 2769 242 2828 3
265 2765 648 2848 narrantur-Capitolinus
675 2765 777 2831 denuo
799 2766 907 2848 prodit
934 2783 969 2834 se
993 2767 1133 2834 Graecae
1154 2766 1280 2848 linquae

175 2874 420 2955 haudquaquam
433 2875 512 2942 satis
522 2874 660 2956 peritum
676 2872 773 2940 fulssc
788 2894 861 2942 cum
874 2877 1052 2944 Herodiani
1076 2876 1160 2954 VIII,
1174 2881 1202 2956 8,
1217 2873 1281 2940 biv

175 2966 201 3067 ᾦ
235 2980 270 3047 δὲ
301 2983 380 3066 περὶ
407 2976 533 3047 τούτων
554 2981 768 3070 διαφέρονται
796 2984 930 3050 verterit
963 2988 995 3050 in
1019 2985 1148 3052 »deinde
1180 3004 1280 3067 usque

175 3091 214 3156 ad
229 3092 316 3158 litem
331 3096 518 3173 perventum
532 3098 612 3174 est«,
635 3093 775 3174 itemque
797 3094 873 3158 Her.
885 3094 972 3175 VIII,
986 3099 1016 3178 8,
1029 3099 1058 3159 7.
1079 3093 1222 3177 βοῶντές
1244 3118 1280 3160 cc

172 3194 257 3284 πρὸς
286 3198 344 3264 τὸν
369 3201 475 3286 δῆμον
498 3197 549 3266 ὅτι
579 3192 645 3283 doc
675 3195 787 3288 εἴησαν
810 3192 1031 3279 ἀπεκτονότες
1053 3194 1110 3280 οὓς
1134 3199 1152 3268 ὁ
1175 3204 1280 3288 δῆμος

172 3305 213 3390 ἐν,
231 3299 312 3397 ἀρχῇ
334 3301 393 3376 οὐκ
416 3303 575 3391 ἐβούλετο
596 3300 695 3393 ἄρξαι
729 3312 762 3377 in
787 3310 1030 3376 »insultantibus
1060 3311 1210 3378 militibus
1231 3331 1279 3378 se-

170 3419 257 3484 natui
280 3423 313 3482 et
334 3420 479 3501 populo«.
515 3420 586 3486 Uno
609 3422 678 3486 loco
702 3419 910 3502 Capitolinus
931 3420 1088 3501 quaedam
1111 3420 1199 3487 addit
1221 3439 1279 3488 sua

171 3543 210 3592 en
233 3520 340 3592 mente
368 3533 419 3592 net
439 3525 524 3594 forta
546 3528 576 3592 in
600 3528 663 3595 ella
684 3537 777 3608 parte
798 3529 918 3610 palatio
956 3529 1041 3608 quod
1071 3530 1157 3611 apud
1179 3529 1278 3594 Hero·

172 3631 300 3698 dianum
322 3652 384 3699 non
403 3634 574 3700 invenitur.
617 3634 685 3700 Iam
717 3636 844 3716 saepius
870 3635 1047 3704 invenimus
1076 3638 1154 3704 talia
1177 3657 1196 3703 a
1219 3636 1279 3703 Ga·

173 3740 306 3821 pitolino
321 3761 390 3808 esse
409 3743 528 3808 addita.
564 3741 665 3808 Affert
685 3744 726 3809 ad
744 3743 825 3809 hanc
848 3743 1002 3810 scribendi
1026 3748 1181 3811 rationem
1206 3746 1280 3812 illu·

174 3849 338 3914 strandam
356 3849 525 3932 Brocks(p.
539 3853 579 3914 63
591 3849 743 3930 et64)rit
758 3849 852 3915 Gord.
869 3854 916 3930 10,
930 3853 949 3913 6
961 3856 993 3918 et
1000 3853 1045 3918 vit
1057 3851 1126 3919 Alb.
1137 3858 1166 3935 8,
1174 3859 1202 3922 3.
1214 3857 1276 3923 Ne-

173 3956 238 4022 scio
250 3974 292 4022 an
302 3961 403 4038 recte;
420 3976 493 4024 nam
505 3959 551 4023 vit
562 3957 659 4024 Gord.
674 3962 722 4038 10,
738 3962 752 4020 l
768 3957 960 4039 Capitolinus
971 3958 1108 4028 fortasse
1118 3965 1278 4050 negligen-

173 4068 223 4130 ter
238 4060 323 4148 »πρὸ
334 4069 394 4134 τοῦ
415 4063 581 4134 οἰκίσκουι(
598 4067 694 4133 vertit
705 4067 737 4130 in
762 4067 908 4150 »longam
919 4070 1104 4150 porticum«,
1117 4074 1163 4138 vit
1173 4075 1279 4142 Albini

173 4177 280 4238 autem
303 4193 371 4258 cap.
391 4181 483 4242 8non
498 4194 537 4242 ox
552 4175 730 4241 Herodiano
748 4175 877 4244 duxisse
892 4174 975 4246 inira
993 4179 1274 4252 demonstrabitur.

271 4284 386 4373 Itaque
406 4287 470 4352 iam
490 4273 704 4372 patefecimus,
727 4303 824 4366 quam
845 4285 1000 4353 rationem
1022 4288 1218 4373 Capitolinus
1241 4295 1273 4364 in
