3078 5096
705 372 743 434 13

179 547 226 616 his
245 549 277 614 in
299 550 456 636 capitibus
480 550 548 618 sine
571 549 635 616 ullo
660 551 768 618 ordine
787 549 1000 643 diversissima
1032 552 1181 632 excerpta
1203 567 1273 616 oon·

178 659 251 725 tulit
282 695 332 740 —‚
369 677 438 741 cap.
465 663 590 726 20-28
625 659 738 726 deinde
765 659 937 726 secundum
959 660 1049 726 Marii
1074 657 1206 724 Maximi
1237 658 1273 724 li-

176 767 268 834 brum
291 767 486 851 epitomata,
516 768 686 850 quodiam
709 769 824 836 Miiller
847 773 892 851 (p.
908 768 1045 851 50-53)
1069 754 1156 834 recte
1177 768 1273 833 adno-

173 878 262 944 tavit
288 876 364 958 Gap.
377 879 418 941 20
440 877 523 942 enim
538 877 664 962 incipit:
691 877 772 944 »Sed
788 880 896 944 Marco
918 876 1075 943 Antonino
1097 877 1175 942 haec
1198 881 1273 942 sunt

173 989 264 1068 gesta
296 990 370 1069 post
397 983 557 1053 fratremn
618 987 738 1065 Quibus
759 1005 799 1053 ex
818 987 920 1053 verbis
943 991 1077 1070 apparet
1098 987 1157 1052 hoc
1177 990 1273 1069 caput

170 1097 330 1180 pertinere
350 1097 393 1162 ad
412 1115 439 1162 c.
451 1101 490 1161 14
508 1097 648 1180 itemque
671 1101 751 1176 21‚6
777 1097 933 1164 »instante
952 1095 1078 1162 adhuc
1091 1095 1272 1180 pestilentia

173 1207 215 1272 ad
233 1225 260 1272 c.
275 1209 314 1271 13
337 1203 484 1271 refertur.
533 1205 714 1272 Narranlur
732 1207 831 1288 igitur
853 1224 878 1272 c.
893 1208 1033 1270 20-28:
1058 1204 1088 1288 1)
1105 1205 1272 1285 exsequiae

171 1315 245 1382 Veri
268 1312 309 1398 (c.
325 1312 390 1397 20),
413 1317 445 1394 2)
478 1312 628 1395 profectio
651 1315 749 1382 Marci
775 1313 816 1381 ad
845 1315 962 1380 bellum
983 1313 1272 1380 Marcomannicum

172 1425 270 1504 atque
308 1422 426 1488 bellum
464 1421 567 1505 ipsum
591 1421 764 1506 (21-22),
799 1423 832 1505 3)
858 1423 944 1505 leges
978 1423 1136 1504 quaedam
1176 1426 1272 1504 atque

171 1530 275 1597 edicta
287 1529 389 1595 Marci
401 1529 550 1613 (23-24,
564 1529 614 1614 5),
638 1535 658 1594 4
683 1529 768 1596 Cassi
795 1529 927 1598 defectio
950 1535 982 1596 et
1010 1529 1161 1615 profectio
1173 1530 1272 1596 Marci

171 1639 204 1705 in
218 1640 372 1706 orientem
381 1638 445 1722 (24,
455 1639 581 1722 5-26),
593 1638 626 1722 5)
643 1641 763 1706 reditus
773 1639 871 1705 Marci
885 1641 1067 1721 bellumque
1077 1639 1272 1705 Marcoman-

172 1748 276 1814 nicum
291 1749 407 1814 iterum
426 1752 608 1830 susceptum
626 1749 663 1832 (c.
678 1747 742 1833 27),
757 1753 788 1828 6)
813 1730 899 1815 mors
918 1748 1017 1815 Marci
1040 1749 1078 1831 (c.
1094 1748 1158 1828 28).
1184 1747 1271 1825 Quae

172 1858 315 1940 capitae
338 1857 433 1924 Marii
455 1857 586 1925 Maximi
605 1859 741 1924 secundo
761 1858 839 1923 libro
863 1859 979 1924 hausta
1002 1877 1080 1939 esse,
1103 1856 1270 1937 compluri-

170 1965 229 2032 bus
254 1965 458 2032 confirmatur
478 1967 619 2033 indiciis:
652 1986 678 2034 c.
695 1973 733 2032 21
758 1967 785 2050 Q
803 1971 821 2030 2
850 1971 901 2034 »et
921 1986 992 2035 cum
1011 1986 1069 2048 per
1092 1967 1271 2048 Aegyptum

171 2075 309 2142 Bucolici
330 2074 447 2142 milites
479 2077 590 2158 gravia
628 2076 730 2142 multa
758 2076 916 2156 fecissent,
949 2095 1006 2159 per
1027 2076 1174 2143 Avidium
1197 2074 1271 2140 (las-

171 2185 253 2252 sium
287 2186 408 2252 retunsi
435 2189 527 2254 sunto
560 2185 751 2252 verbotenus
782 2185 986 2251 inveniuntur
1015 2186 1049 2251 in
1073 2184 1140 2249 vita
1167 2183 1271 2249 Avidii

171 2293 259 2362 (lassi
281 2299 311 2375 6,
334 2298 370 2359 7:
411 2312 513 2360 snam
537 2299 570 2360 et
592 2312 662 2360 cum
694 2293 831 2360 Bucolici
862 2292 977 2358 milites
1010 2311 1067 2374 per
1090 2293 1271 2374 Aegyptum

171 2404 281 2486 gravia
300 2403 402 2468 multa
424 2401 573 2480 facerent,
599 2402 639 2467 ab
663 2402 723 2468 hoc
743 2403 864 2468 retunsi
887 2408 988 2483 sunto
1013 2407 1045 2468 et
1063 2402 1123 2468 hoc
1144 2401 1270 2482 quidem

170 2511 237 2576 loco
260 2509 405 2575 additur:
435 2513 491 2573 aut
518 2507 600 2573 idem
624 2507 746 2574 Marius
777 2509 935 2574 Maximus
956 2508 1054 2574 refert
1077 2507 1109 2572 in
1131 2525 1167 2572 eo
1187 2506 1269 2572 libro

170 2617 503 2699 quamsecurium
533 2615 572 2681 de
594 2615 661 2681 vita
678 2614 776 2682 Marci
798 2618 948 2682 Antonini
972 2617 1098 2683 edilia«
1149 2614 1269 2679 Deinde

170 2745 237 2808 cap.
264 2729 313 2805 25,
341 2730 380 2792 10
402 2725 522 2792 Marius
545 2725 704 2792 Maximus
734 2725 861 2804 citatur,
887 2725 1014 2792 Marcus
1047 2725 1129 2790 enim
1153 2723 1269 2788 oratio·

170 2853 241 2902 nem
275 2834 403 2914 habuit,
430 2852 526 2916 quam
560 2835 682 2900 Marius
720 2834 877 2900 Maximus
914 2835 1085 2899 memoriae
1125 2830 1269 2898 tradidit.

171 2943 272 3022 Quam
294 2963 366 3010 cum
382 2942 579 3024 Capitolinus
605 2943 742 3009 inserere
770 2943 879 3024 nollet,
903 2941 979 3008 dicit
996 2947 1115 3022 tamen,
1137 2941 1270 3008 inditam

169 3052 266 3119 fuisse
287 3051 382 3119 Marii
399 3053 531 3118 Maximi
554 3052 641 3119 libro.
752 3055 755 3060 ’

268 3162 382 3244 Itaque
403 3161 491 3228 nobis
509 3161 602 3226 Marii
615 3161 747 3226 Maximi
770 3161 906 3245 epitome
926 3166 1055 3242 praesto
1078 3164 1136 3240 est,
1158 3163 1191 3223 et
1205 3160 1402 3236 iamnxoerpa.

169 3271 208 3336 de
228 3270 386 3336 scribendi
406 3271 527 3336 ratione
549 3275 647 3352 atque
674 3268 736 3336 fide
758 3269 852 3334 Marii
868 3270 1001 3336 Maximi
1022 3269 1176 3334 disserere
1197 3284 1269 3349 pos-

169 3397 283 3458 semne,
307 3379 366 3444 nisi
389 3377 598 3460 Capitolinus,
626 3383 663 3444 ut
684 3380 747 3444 iam
770 3397 868 3460 supra
891 3378 1178 3446 demonstravimus
1200 3375 1269 3440 aliis

170 3504 208 3552 ex
230 3483 412 3552 auctoribus
434 3483 590 3566 quaedam
613 3491 761 3567 excerpta
786 3485 942 3566 epitomae
964 3485 1158 3552 inseruisset.
1182 3484 1271 3562 Quae

168 3610 361 3677 quamquam
393 3611 457 3660 non
483 3596 557 3675 tarn¹
578 3592 680 3678 facilc,
697 3595 885 3661 invenienda
908 3600 983 3660 sunt
1003 3598 1145 3659 attanren
1169 3610 1270 3662 secer·

169 3703 273 3769 nenda
292 3707 375 3768 sunt

269 3811 320 3878 Ac
339 3811 475 3894 primum
496 3811 623 3892 quidem
646 3812 724 3878 mihi
742 3813 923 3881 huiusmodi
951 3813 1102 3894 excerpta
1124 3810 1272 3878 videntur

168 3939 194 3987 c.
208 3923 236 4000 5,
264 3923 354 3985 1-6.
405 3919 472 3985 Iam
504 3921 601 3986 verba
623 3920 737 4002 quibus
765 3921 824 3986 hoc
858 3926 955 4003 caput
976 3921 1098 4001 incipit:
1124 3919 1203 3985 »His
1226 3918 1272 3981 ita

168 4049 202 4095 se
237 4028 445 4096 habentibus«
484 4030 693 4112 suspicionem
723 4036 852 4096 movent
881 4029 1092 4111 Capitolinum
1117 4031 1158 4094 ad
1174 4029 1272 4094 alium

168 4143 330 4205 auctorem
350 4139 497 4204 transire.
521 4138 651 4206 Accedit
673 4140 758 4219 quod
781 4139 841 4222 §.6
866 4139 978 4206 eadem
999 4137 1065 4203 fere
1086 4155 1168 4217 quac
1192 4142 1271 4202 1-5

169 4252 368 4315 enarrantur.
424 4245 521 4312 »Cum
543 4282 584 4295 —
613 4267 671 4316 nec
706 4249 838 4314 idoneus
873 4253 986 4330 utpote
1008 4248 1117 4314 decem
1146 4252 1181 4315 et
1201 4250 1272 4314 octo
