3078 5096
684 433 723 492 33

155 607 273 674 familia
294 609 371 675 nibil
393 611 488 677 sciret
509 629 622 678 nomen
644 611 802 694 quoddam
821 611 912 677 finxit
933 616 965 678 et
985 612 1074 680 Cassi
1096 613 1180 693 patri
1201 614 1257 680 tri-

157 717 233 796 buit,
256 716 295 782 de
316 717 405 784 Cassi
434 723 544 786 autem
557 720 722 786 inventute
745 739 761 784 e
783 721 910 786 nomine
934 721 1023 787 Cassi
1043 721 1260 802 tyrannicidae

157 823 254 904 finxit,
276 825 424 892 Avidium
457 829 517 893 iam
550 829 582 893 in
604 828 707 912 prima
729 829 894 896 iuventute
916 831 971 896 Pio
994 834 1026 896 et
1047 829 1156 895 Marco
1182 829 1255 896 insi·
1333 867 1335 874 ·

155 933 222 1000 dias
254 953 393 1018 parasse,
421 953 502 1016 quae
531 935 657 1004 falsatis
688 939 831 1020 epistulis
863 938 902 1018 (e.
934 923 1007 1006 let
1029 941 1059 1019 2)
1098 937 1258 1004 affirmare

155 1043 286 1109 studuit.
319 1043 447 1109 Etcum
470 1046 575 1128 capita
596 1051 676 1110 1-4
699 1048 745 1113 ita
768 1049 850 1113 inter
870 1067 905 1114 se
921 1048 1120 1127 cohaereant,
1144 1053 1181 1113 ut
1196 1065 1257 1112 uno

155 1167 193 1216 ex
215 1155 345 1218 auctore
367 1151 496 1219 duxisse
518 1153 686 1218 videantur
701 1158 733 1218 et
751 1155 923 1236 compluria
942 1155 1046 1221 adsint
1060 1155 1174 1220 indicia
1185 1154 1257 1220 Gai-

153 1259 288 1352 lieanum
310 1259 358 1324 his
383 1261 417 1325 in
452 1261 608 1342 capitibus
635 1262 761 1330 Graeco
787 1269 915 1331 auctore
938 1265 1041 1330 nisum
1064 1263 1175 1343 esse1)
1208 1281 1259 1328 ca·

154 1368 219 1450 pita
244 1372 325 1432 1-4
345 1373 416 1435 tota
437 1369 599 1448 Quadrato
622 1373 738 1438 tribuo.
788 1374 854 1439 Nec
876 1371 1059 1450 Quadratus
1083 1371 1255 1452 quidquam

153 1476 193 1542 ad
213 1475 307 1544 fidem
329 1480 500 1546 memoriae
515 1481 663 1562 tradidit,
684 1484 739 1548 sed
758 1481 929 1549 Herodinni
953 1484 984 1546 in
1005 1482 1132 1546 modom
1152 1482 1256 1546 rheto-

152 1587 214 1652 rice
233 1588 361 1670 scripsit
380 1591 409 1654 ei
426 1595 557 1662 ‚tanturn
580 1591 626 1656 rei
652 1592 784 1658 studens
811 1597 849 1658 ut
871 1611 904 1658 se
928 1594 1056 1658 doctum
1079 1591 1257 1657 literatum-

155 1713 216 1778 que
245 1699 403 1763 hominem
434 1700 645 1781 praeberet2).
696 1701 740 1766 Et
769 1719 839 1766 curn
861 1699 982 1767 Morinis
1003 1699 1161 1766 Maximus
1191 1718 1256 1764 me·

154 1807 271 1874 moriae
293 1807 477 1875 tradidisset
498 1808 641 1875 Cassium
672 1808 785 1875 fortem
814 1815 1041 1889 strenuumque
1072 1808 1182 1873 ducem
1207 1805 1256 1872 iu·

154 1919 213 1982 isse
235 1916 304 1998 (vit.
328 1917 428 1982 Marci
453 1921 502 1999 21,
516 1921 543 1982 2.
573 1917 628 1983 vit.
653 1917 725 1983 Veri
754 1923 782 1998 7,
798 1917 849 2000 1.),
878 1918 1061 1996 Quadratus
1092 1916 1257 1982 immodice

156 2025 363 2106 exaggeravit
387 2025 539 2091 virtutem
573 2030 605 2091 et
635 2025 831 2107 disciplinam
859 2012 1127 2107 severitatemque
1148 2024 1255 2090 Cassi:

154 2151 220 2215 cap.
243 2138 272 2200 4.
304 2134 504 2202 centuriones
537 2135 590 2216 qui
624 2153 800 2217 »perparva
829 2153 943 2200 mauu«
970 2133 1134 2200 Sarmatas
1162 2133 1256 2197 inscio

154 2241 263 2310 cassio
284 2241 388 2308 adorti
412 2248 503 2307 erant
525 2247 557 2308 et
579 2260 649 2308 curn
679 2243 800 2325 ingenti
821 2243 940 2325 pracda
973 2243 1134 2308 redierant
1156 2240 1257 2306 tribus
1285 2263 1287 2268 ·

154 2352 276 2418 milibus
298 2350 437 2418 hostiurn
459 2351 567 2418 occisis
580 2351 618 2434 (i)
639 2352 671 2417 in
694 2370 818 2418 crucem
841 2351 971 2418 sustulit
981 2350 1119 2427 Cassius,
1139 2353 1173 2412 et
1187 2353 1257 2413 tan-

154 2466 221 2526 turn
241 2462 373 2526 terroris
387 2459 532 2527 barbaris
553 2460 669 2543 iniecit,
697 2466 752 2525 aut
773 2478 881 2542 pacem
899 2478 1054 2526 annorum
1068 2462 1195 2523 centum
1217 2456 1256 2519 ab

154 2569 310 2636 Antonino
341 2570 470 2636 absente
500 2573 673 2652 peterent«
731 2568 908 2649 Sarmatae,
942 2569 967 2634 si
1002 2584 1113 2650 pacem
1146 2585 1165 2630 a
1195 2564 1258 2628 Ro·

152 2679 252 2744 manis
284 2681 445 2762 petierunt
470 2684 556 2745 certe
583 2696 621 2745 eo
643 2695 704 2743 non
731 2679 876 2761 perducti
908 2681 991 2755 suut,
1023 2675 1108 2756 quod
1130 2673 1258 2740 Cassius
1313 2757 1315 2776 Ι

151 2787 348 2854 centuriones
372 2788 523 2868 quosdam
555 2785 720 2853 interfecit,
764 2787 904 2867 Accedit,
930 2786 1015 2865 quod
1046 2783 1172 2850 Cassius
1199 2780 1258 2846 sub

152 2897 257 2962 Marco
279 2915 404 2978 semper
425 2897 456 2962 in
479 2895 608 2962 Oriente
624 2898 788 2976 remansit,
811 2895 868 2960 sub
881 2895 1040 2960 Antonino
1063 2897 1171 2958 antem
1188 2907 1258 2954 con-

151 3010 201 3071 tra
215 3005 380 3072 Sarmatas
403 3024 471 3072 esse
485 3011 661 3089 pugnaturn
687 3022 779 3072 namo
801 3005 975 3071 memoriae
994 3003 1146 3080 tradatb.
1180 2997 1258 3062 Oum

258 3177 282 3245 1)
302 3177 358 3238 3,5
379 3176 419 3228 »si
441 3174 674 3246 dialogistam
698 3173 863 3230 occidisset«
887 3174 938 3239 3,7
961 3189 1027 3241 »per
1054 3169 1180 3222 ordinem
1207 3182 1261 3234 pa-

150 3287 348 3338 raeneseos,
374 3271 428 3325 boo
451 3276 494 3326 est
511 3271 743 3342 praeceptionum
769 3287 819 3340 per
845 3270 973 3326 triduum
993 3264 1173 3349 disputavit«.
1206 3261 1262 3315 Ubi

149 3366 218 3422 falso
237 3367 319 3422 Peter
340 3368 408 3422 »hoe
427 3371 470 3422 est
488 3367 731 3437 praeceptionum«
754 3365 833 3420 uncis
854 3363 979 3420 inclusit.
1011 3360 1172 3417 Vulcacium
1187 3357 1262 3410 eninr

149 3461 302 3516 lectoribus
315 3460 452 3515 Graecum
471 3462 585 3515 verbum
605 3457 681 3529 qnod
699 3461 729 3514 in
749 3458 876 3513 fontibus
895 3457 1007 3512 invenit
1026 3453 1149 3523 explicat
1167 3450 1262 3505 verbis

152 3559 219 3613 ’hoc
245 3563 286 3613 est
304 3558 558 3627 praeceptionum«.
588 3557 742 3628 Participia
763 3571 874 3626 quoque
903 3555 956 3619 ab
980 3551 1127 3612 reddens«,
1162 3547 1265 3615 ›nigni-

149 3652 250 3709 ficanst
271 3657 324 3721 4‚5
346 3654 472 3710 ›dicens‹
486 3655 620 3710 Graecum
639 3655 767 3722 produnt
786 3653 904 3707 iontem·
938 3650 1066 3717 Itemque
1085 3647 1136 3708 b‚3
1158 3643 1264 3696 »idest

149 3751 322 3812 materiam«,
351 3751 430 3807 Vulo.
450 3749 621 3806 infantibus
647 3749 759 3807 invenit
779 3748 828 3816 τὴν
853 3745 929 3816 ὕλην.
974 3743 1055 3814 Quod
1074 3740 1142 3810 quid
1161 3739 1198 3792 sit
1220 3754 1266 3792 ne·

152 3847 242 3915 scivit,
258 3849 406 3918 inepteque
426 3848 512 3902 vertit
535 3847 579 3902 »id
600 3854 643 3902 eat
662 3848 835 3902 materiam«.
859 3841 934 3900 Unci
951 3844 1041 3914 igitur
1054 3834 1210 3892 Cssauboni
1226 3850 1268 3887 re-

148 3944 290 3999 movendi.

155 4035 158 4041 ’
218 4096 220 4100 ,
247 4041 275 4109 2)
294 4038 334 4094 (tf.
357 4041 418 4106 1,4.
437 4041 497 4105 26.
517 4040 580 4101 bb.
601 4040 665 4102 3,7.
686 4043 713 4106 3,
726 4039 753 4092 6.

247 4135 275 4202 3)
294 4134 491 4190 Wintersheim
509 4135 527 4188 l.
547 4152 570 4190 o.
585 4134 660 4190 1140
677 4132 776 4188 affert:
795 4132 846 4185 vit.
863 4129 934 4186 Ant
955 4129 998 4184 Pii
1017 4128 1042 4191 5,
1056 4127 1083 4189 4,
1102 4121 1264 4179 eontraDa·

147 4249 195 4288 cos
214 4249 273 4287 esse
294 4236 459 4303 pugnatum,
480 4232 575 4302 itaque
594 4230 749 4286 verisimile
773 4237 833 4284 esse
860 4227 967 4284 contra
989 4227 1131 4280 Sarmatas
1157 4234 1267 4288 qnoque

1044 4323 1062 4384 3
