3078 5096
269 609 384 692 Itaque
411 610 549 676 vidimus
580 611 653 676 Veri
686 611 784 675 vitam
817 629 836 674 a
870 609 1044 692 Capitolino
1074 609 1207 675 eundem
1240 608 1271 674 iu

174 719 298 784 modum
319 718 523 801 compilatam
546 738 614 786 esse
636 723 734 800 atque
753 718 853 785 Marci
872 721 990 785 vitam:
1013 719 1147 784 Marium
1170 717 1271 782 Maxi·

174 845 259 894 mum
293 833 327 894 et
361 827 487 893 lunium
508 828 646 895 (lordum
678 834 711 893 et
741 830 871 894 tertium
905 827 1065 909 quendam
1089 826 1272 907 scriptorem

174 935 360 1018 epitomavit
381 934 564 1015 addiditque
586 939 735 1016 excerpta
756 953 794 1000 ex
812 934 882 1000 aliis
907 934 1112 1017 scriptoribus
1134 937 1272 1013 sumpta.

176 1043 280 1123 Aqua
302 1043 458 1111 scribendi
477 1044 599 1109 ratione
624 1043 774 1109 abhorret
791 1043 1012 1109 Vulcacius
1035 1041 1272 1107 Gallicanus

175 1151 329 1232 adquam
351 1153 416 1217 ianr
449 1153 629 1218 transimus.
665 1151 777 1232 Neque
799 1152 882 1216 enim
904 1151 1013 1217 brevia
1047 1155 1196 1232 excerpta
1216 1150 1274 1214 sibi

174 1259 248 1327 lecit
271 1263 442 1344 antequam
459 1260 499 1326 ad
521 1262 605 1328 vitas
625 1261 805 1328 scribendas
829 1260 1058 1343 aggrederetur
1073 1259 1109 1341 ¹),
1130 1260 1185 1325 sed
1208 1263 1272 1325 tres

177 1372 300 1435 tantum
323 1370 493 1452 scriptores
527 1370 691 1451 excerpsit,
725 1369 894 1436 Aemilium
916 1369 1175 1449 Parmenionem,
1206 1369 1274 1433 Asi-

171 1476 258 1543 nium
281 1477 488 1558 Quadratum,
512 1478 649 1544 Marium
664 1478 848 1544 Maximum.
892 1479 940 1544 De
955 1477 1086 1542 Aemilio
1107 1477 1273 1543 Partheni·

174 1603 235 1651 ano
258 1587 337 1652 nihil
373 1587 490 1652 sciurus
510 1587 569 1653 nisi
599 1587 682 1667 quod
705 1585 889 1653 Gallicanus
919 1585 1013 1652 affert
1035 1591 1062 1666 5,
1087 1591 1101 1649 l
1127 1587 1198 1666 aqui
1219 1585 1273 1650 ad-

172 1691 343 1762 fectatores
364 1696 540 1778 tyrannidis
560 1697 623 1760 iam
645 1695 718 1761 inde
738 1715 756 1762 a
781 1697 940 1764 veteribus
963 1696 1112 1761 historiae
1134 1695 1272 1774 tradidit,

177 1801 216 1868 de
238 1802 402 1880 Quadrato
435 1804 510 1870 dicit
535 1803 666 1872 Suidas:
690 1799 882 1888 οΚοδροίτος
911 1799 1071 1887 Ῥωμαῖος
1101 1796 1275 1886 ἱστορικός.

170 1897 336 1995 ’Ἑγραψεν
357 1903 432 1977 Ἰάδι
458 1911 614 1998 διαλέκτῳ
634 1907 790 1996 Ἱστορίαν
811 1907 989 1998 Ῥωμαϊκὴν
1012 1911 1046 1976 ἕν
1064 1910 1204 1994 βιβλίοις
1225 1904 1274 1990 ιε’,

176 2015 359 2108 ἐπιγραφὴν
382 2020 418 2086 δὲ
439 2020 649 2107 Χιλιετηρίδα
669 2020 723 2086 καὶ
743 2019 888 2105 περιέχει
908 2012 976 2085 ἀπὸ
998 2020 1135 2098 κτίσεως
1150 2013 1274 2103 Ῥώμης

174 2125 238 2206 ἕως
268 2120 482 2213 Ἀλεξάνδρου
503 2133 563 2194 τοῦ
581 2129 742 2214 Μαμαίας
769 2124 842 2195 eloh
865 2129 1051 2214 Καίσαροςι
1086 2127 1275 2214 Χιλιετηρίς

176 2239 292 2304 utiam
321 2239 393 2305 libri
421 2239 536 2305 titulus
565 2245 703 2306 testatur
734 2245 804 2306 erat
825 2239 957 2306 historia
987 2240 1109 2320 imperii
1137 2239 1272 2306 Romani

174 2365 231 2428 per
252 2348 338 2412 mille
359 2365 467 2415 aranos.
490 2350 621 2416 Vossius
641 2367 715 2430 ergo
736 2353 830 2431 putat
844 2347 973 2414 Suidam
997 2366 1121 2414 errasse
1139 2346 1176 2432 2),
1200 2366 1271 2412 com

177 2454 376 2532 Quadratum
403 2458 569 2538 usquead
596 2459 768 2524 Alexandri
797 2457 905 2524 Severi
933 2463 1078 2537 tempora
1108 2457 1274 2522 historiam

174 2565 336 2648 scripsisse
357 2565 533 2648 tradiderit,
561 2571 672 2633 contra
702 2585 796 2648 quern
830 2565 945 2632 Mulier
958 2566 983 2649 ³)
1009 2565 1169 2632 contendit
1191 2565 1276 2642 Qua·

175 2672 303 2739 drotum
326 2674 460 2740 Romam
499 2674 623 2756 Olymp.
657 2675 673 2740 Ι
704 2675 861 2740 conditam
892 2692 962 2742 esse
984 2675 1154 2740 memoriae
1176 2672 1274 2739 tradi-

175 2783 268 2851 disse.
312 2784 373 2851 Sed
395 2804 458 2851 non
479 2786 669 2852 credendum
695 2790 745 2851 est
770 2788 867 2851 tertio
890 2784 1017 2851 soeculo
1040 2802 1233 2866 quemquam
1256 2803 1275 2848 a

175 2893 479 2976 Varronianumero
503 2895 675 2961 aberrasse.
718 2896 833 2975 ltaque
855 2900 913 2960 aut
928 2894 1041 2960 Suidas
1063 2895 1101 2959 de
1118 2893 1276 2972 Quadrati

176 3001 309 3068 historia
337 3003 472 3080 erravit,
501 3007 558 3068 aut
579 3004 664 3083 quod
697 3005 801 3069 miuus
837 2997 1001 3084 probabile
1030 3020 1098 3069 esse
1131 3002 1274 3069 videtur:

176 3109 358 3188 Quadratus
372 3111 535 3177 historiam
556 3111 774 3192 imperfectam
790 3111 925 3192 reliquit.
954 3111 1112 3176 Exstabat
1124 3109 1277 3188 Quadrati

177 3220 310 3285 historia
331 3220 435 3287 adhuc
448 3220 598 3303 Xiphilini
613 3221 818 3302 temporibus,
835 3223 971 3300 quicum
987 3222 1065 3287 citat
1087 3222 1167 3286 libro
1182 3225 1232 3304 70,
1248 3225 1277 3302 3,

177 3345 240 3409 quo
259 3329 341 3394 libro
362 3329 449 3395 (lassi
471 3329 582 3396 Dionis
603 3328 735 3394 historia
757 3328 921 3410 deperdita
942 3335 1013 3396 erat
1023 3332 1059 3410 ⁴).
1104 3329 1277 3396 Historiam

176 3447 375 3458 ...κ-..-

174 3493 263 3561 leitet,
281 3511 364 3565 sogar
390 3494 420 3548 in
443 3495 493 3550 das
519 3495 590 3551 Jahr
610 3498 658 3550 171
683 3495 792 3564 verlegt
810 3500 879 3551 ata«
944 3495 999 3551 Sed
1023 3497 1173 3550 Tillemont
1197 3501 1226 3550 et
1242 3494 1277 3550 II.

176 3599 204 3652 p.
217 3583 268 3637 ³61
288 3585 319 3636 et
335 3600 362 3651 p.
377 3583 429 3638 538
446 3583 551 3641 Verum
568 3600 642 3638 anno
663 3586 715 3638 169
733 3589 876 3639 mortuum
898 3601 959 3640 esse
978 3585 1133 3639 contendit.

279 3681 305 3748 1)
327 3677 477 3734 Salmasius
496 3681 583 3734 vitam
597 3681 673 3735 Cassi
692 3679 864 3735 aGallicanc
882 3699 940 3736 non
960 3682 1094 3750 scriptam
1112 3695 1180 3744 esse,
1198 3682 1280 3747 putat

175 3791 239 3830 cum
255 3774 334 3830 nulla
352 3774 408 3831 alia
425 3777 484 3830 vitu
502 3792 519 3829 a
538 3775 680 3832 Gallicano
699 3775 804 3845 scripta
823 3776 868 3845 sit,
889 3777 967 3832 cuius
987 3775 1154 3830 sententiam
1174 3774 1280 3843 optime

175 3869 337 3926 refutarunt
349 3869 467 3926 Richter
476 3871 658 3928 Rheiuisches
670 3873 797 3928 Muscam
806 3872 864 3928 VII.
883 3891 910 3943 p.
922 3875 966 3930 30.
978 3872 1083 3928 Brocks
1096 3871 1114 3925 1.
1127 3887 1150 3926 c.
1163 3872 1278 3925 40-48.

280 3969 309 4039 2)
327 3968 441 4025 Vossius
460 3970 495 4024 de
513 3969 658 4025 historicis
676 3970 790 4026 Graecis
809 3968 852 4024 ed.
871 3969 1067 4024 Westerrnann
1090 3987 1117 4038 p.
1128 3969 1261 4023 aco-87.

276 4065 303 4135 3)
320 4063 435 4135 Fragm.
452 4065 518 4121 hist.
538 4063 708 4121 Graecorum
725 4064 776 4130 111,
795 4066 945 4122 coa-662.

275 4162 303 4231 4)
324 4161 383 4230 Τὴν
401 4162 433 4216 δὲ
461 4159 586 4230 τελευτὴν
603 4160 719 4229 ἡδίστην
742 4159 815 4232 αὐτῷ
838 4166 897 4218 κατ’
916 4169 979 4218 ἴσου
997 4157 1075 4233 ὕπνῳ
1093 4163 1132 4233 τῷ
1149 4165 1276 4234 μαλακω-

174 4251 245 4328 carp
263 4261 397 4328 γενέσθαι
412 4274 533 4326 quocum
547 4258 741 4314 conferendum
756 4265 800 4314 est
816 4258 866 4312 vit.
884 4261 951 4314 Ant.
965 4259 1008 4314 Pii
1022 4261 1093 4323 12,6
1114 4275 1279 4314 ’conversus

176 4345 256 4416 quasi
274 4345 418 4415 dormiret,
439 4347 570 4418 spiritum
589 4347 740 4404 reddidit«
