3078 5096
795 385 835 446 64

256 566 337 630 rium
349 563 522 630 Maximum
533 565 648 629 imitati
660 568 735 630 sunt
746 563 808 644 isti,
821 565 875 645 qui
884 569 1008 629 tantum
1020 565 1200 631 attulerunt
1211 566 1251 631 ad
1263 564 1363 630 histo-

157 665 162 680 '
256 674 336 739 riam
357 673 591 754 depravandam
603 692 776 754 verumque
797 672 936 740 historici
959 672 1096 740 officium
1116 675 1263 740 oblivioni
1285 674 1362 740 dan·

254 783 341 865 dum,
364 782 465 864 Cordi,
490 783 632 866 Gargilii‚
657 782 840 862 Marcellini,
875 783 1037 864 stultaque
1068 785 1128 848 iste
1150 784 1246 862 natio,
1279 799 1363 862 quae

254 893 379 957 nomine
405 891 612 973 ascripturum
634 891 786 956 historiae
798 889 977 971 Augustae«
996 891 1170 956 honoratur
1190 890 1362 973 Spartiani,

158 1031 161 1037 ·
256 998 432 1081 Capitolini,
458 999 623 1083 Gallicani,
645 999 815 1080 Lampridi,
839 998 1005 1080 Polliones,
1026 999 1160 1082 Vopisci.

359 1110 446 1187 Quae
481 1109 635 1174 scribendi
661 1109 742 1174 ratio
761 1115 885 1174 tantum
907 1109 992 1190 apud
1021 1127 1129 1174 omnes
1149 1109 1362 1191 posteriorum

254 1225 434 1301 temporum
463 1220 634 1301 scriptores
668 1219 785 1298 valuit,
817 1223 853 1283 ut
878 1218 1088 1299 potentissimi
1130 1223 1162 1283 et
1196 1217 1361 1283 clarissimi

256 1326 486 1394 Germanorum
517 1328 715 1409 imperatoris
744 1326 848 1393 Caroli
875 1326 983 1410 Magni
1012 1328 1078 1393 vita
1100 1349 1119 1392 a
1143 1321 1362 1393 literatissimo

257 1440 306 1503 sui
329 1437 482 1520 temporis
504 1439 656 1518 scriptore
679 1438 710 1502 iu
729 1437 842 1503 siccam
859 1437 953 1502 istam
966 1442 1215 1518 enervatamque
1227 1435 1361 1501 formam

258 1546 463 1630 redigeretur.

1088 1767 1098 1774 ..
1133 1752 1155 1788 φ

263 1799 389 1852 imitarer
406 1799 481 1853 viros
500 1799 529 1850 in
545 1799 605 1852 vitu
625 1799 781 1869 principum
802 1803 831 1854 et
849 1801 1023 1870 temporibus
1046 1755 1223 1882 dieggendis,
1243 1797 1293 1852 sed
1301 1797 1361 1851 Ma-

261 1896 334 1949 rium
350 1895 512 1958 Maximum,
532 1894 696 1950 Suetonium
715 1897 914 1966 Tranquillum,
938 1897 1056 1951 Fabium
1079 1894 1245 1954 Martialem,
1265 1889 1363 1960 Gergi-

258 1991 327 2044 lium
349 1991 533 2046 Martialem«.
554 1991 602 2047 vit.
618 1991 707 2045 Firmi
727 1994 751 2057 1,
773 1997 785 2045 l
810 1991 975 2047 ‚Suetonius
993 1989 1235 2045 emendatissimus
1254 1992 1282 2040 et
1297 2003 1363 2040 eeu-

257 2087 416 2140 didissirnus
435 2089 581 2156 scriptor«.
601 2087 648 2141 vit.
669 2088 742 2142 Max.
762 2093 790 2142 et
807 2088 884 2144 Balb.
901 2090 927 2156 4,
947 2090 972 2150 ὅ,
