3078 5096
712 404 750 464 25

176 600 237 646 non
272 583 448 664 scripserit,
483 584 678 666 Capitolinus
711 585 743 649 in
780 585 853 650 Veri
891 587 957 650 vita
1001 588 1178 669 complures
1211 588 1275 668 epi·

173 693 306 757 mmavit
328 691 499 775 scriptores
513 693 696 774 addiditque
709 693 817 760 brevia
840 698 988 776 excerpta
1012 696 1081 759 aliis
1104 714 1144 760 ex
1167 699 1275 761 aucto·

175 800 261 867 ribus
291 799 378 866 iacta
437 801 490 866 Ita
512 804 618 884 capita
645 806 734 880 1-4,
768 807 786 865 3
821 823 861 868 ex
883 822 945 867 uno
978 804 1177 884 potissimum
1201 823 1274 870 auc·

174 915 242 976 tore
271 909 458 990 fluxerunt,
498 912 551 993 qni
586 912 670 976 Vero
704 912 874 978 admodum
906 913 986 978 lavit
1026 918 1058 978 et
1094 912 1202 977 multis
1243 912 1276 977 in

173 1020 266 1085 rebus
294 1038 314 1083 o
349 1019 450 1086 Mario
471 1021 609 1086 Maximo
638 1021 798 1086 abhorret.
825 1022 896 1087 Veri
925 1021 1072 1087 iuventus
1106 1026 1276 1086 enarratur

175 1129 269 1195 alium
309 1130 339 1192 in
381 1131 509 1194 modum
546 1135 642 1210 atque
669 1129 790 1195 Marius
826 1128 987 1196 Maximus
1029 1131 1068 1196 de
1108 1131 1276 1211 imperato·

180 1257 248 1304 rum
271 1238 436 1303 inventute
463 1238 617 1303 disserere
638 1237 768 1303 solebat.
814 1241 839 1303 A
863 1239 1087 1319 posterioribus
1115 1240 1197 1304 enim
1231 1239 1276 1303 hi·

178 1347 294 1414 storiae
324 1348 487 1428 Augustae
523 1346 725 1426 scriptoribus
751 1347 856 1426 inepte
890 1347 928 1410 de
957 1347 1090 1428 singulis
1117 1347 1276 1412 iudicatur

173 1454 418 1535 imperatoribus
439 1459 545 1519 utrum
579 1454 650 1519 boni
686 1473 727 1520 an
752 1456 826 1519 mali
854 1455 1010 1536 principes
1032 1452 1159 1534 luerint,
1192 1453 1277 1534 quod

178 1563 303 1644 quidem
326 1563 409 1645 apud
432 1565 569 1628 Marium
593 1563 766 1629 Maximum
788 1581 944 1644 nusquam
972 1564 1127 1642 inveni1).
1183 1564 1274 1629 Atta·

173 1691 246 1738 men
267 1691 293 1738 c.
311 1678 336 1752 l,
373 1676 454 1736 3-5
476 1673 594 1755 scripta
619 1678 744 1738 esseut
770 1673 1004 1738 demonstretur
1026 1673 1146 1738 Vernm
1168 1689 1271 1752 neque

174 1782 256 1846 inter
277 1782 374 1847 bonos
389 1799 491 1860 neque
505 1782 588 1846 inter
602 1783 702 1847 malos
723 1783 881 1864 principes
902 1782 973 1862 poni
996 1783 1098 1862 quivis
1116 1781 1276 1859 intelligit.

175 1890 295 1956 Deinde
310 1894 420 1955 contra
434 1889 569 1954 Marium
579 1890 752 1956 Maximum
765 1891 889 1958 Marcus
901 1891 995 1956 valde
1006 1891 1207 1955 detrectatur
1221 1893 1277 1969 1,4
1320 1953 1322 1957 .

179 2017 216 2064 la
226 1998 316 2064 cuius
329 1998 484 2080 secretas)
499 1999 628 2065 lasciuia
643 2019 764 2066 morum
778 2005 810 2065 et
825 2002 908 2066 vitae
922 1999 1094 2065 licentioris
1114 1998 1278 2063 nimietate

177 2108 351 2176 dissensitu
375 2107 511 2172 Marium
522 2107 695 2174 Maximum
717 2127 779 2174 non
802 2109 943 2174 fabulam
964 2109 1144 2190 divulgasse
1159 2107 1278 2172 Verum

146 2217 284 2284 cMcrco
299 2217 487 2298 adoptatum
505 2235 573 2283 esse
590 2217 628 2297 (c.
641 2224 670 2298 2,
687 2222 715 2284 2.
744 2224 772 2298 2,
792 2218 844 2296 10)
869 2237 965 2297 supra
977 2217 1277 2283 demonstravimus.

173 2327 288 2406 Itaque
308 2325 388 2391 baec
412 2326 516 2406 capitu
536 2345 599 2391 non
617 2345 635 2390 e
653 2325 754 2392 Mario
771 2326 911 2392 Maximo
928 2325 1058 2390 fluxisse
1073 2326 1176 2408 quivis
1199 2324 1275 2390 mibi

180 2434 330 2500 concedet
345 2434 378 2517 ³).
434 2435 477 2498 Et
504 2435 538 2500 in
562 2435 640 2501 haec
670 2453 795 2516 quoque
834 2435 939 2516 capita
970 2436 1120 2517 excerpta
1150 2433 1212 2500 alio
1237 2452 1276 2499 cx
1338 2429 1341 2437 ’

173 2548 303 2610 auctore
327 2544 463 2609 intexuit
485 2543 688 2627 Capitolinus.
732 2546 804 2610 Non
826 2543 952 2627 quidem
978 2548 1039 2623 2,8
1065 2561 1139 2607 nnec
1160 2543 1277 2609 desunt
1328 2622 1331 2626 ¹

176 2652 230 2732 qui
253 2653 377 2719 dicante
414 2653 565 2719 adicitur«
594 2653 692 2718 alium
715 2652 855 2734 produnt
876 2652 997 2718 iontem
1030 2651 1167 2715 -talia
1190 2651 1273 2715 enim

177 2779 217 2826 ex
238 2760 327 2826 fonte
349 2779 407 2826 sno
421 2763 622 2828 transtulisse
641 2761 853 2843 Capitolinum
871 2763 997 2843 saepius
1017 2760 1153 2825 vidimus
1169 2759 1276 2824 -sed

174 2871 192 2932 3
222 2869 251 2952 ξ.
279 2871 298 2932 6
334 2886 397 2933 non
434 2888 475 2933 ex
508 2869 618 2934 eodem
646 2873 777 2936 auctore
807 2869 973 2936 fluxerunt
1009 2872 1104 2949 atque
1139 2866 1274 2946 reliqua.

175 2977 253 3043 (ium
279 2977 362 3042 enirn
383 2976 512 3058 reliquis
536 2977 567 3041 in
592 2978 667 3044 locis
678 2978 782 3044 Verus
803 2977 991 3043 defendatur
1004 2977 1045 3042 ab
1062 2974 1238 3058 opprobriis
1248 2973 1274 3057 ⁴)

174 3086 276 3152 bonus
299 3087 505 3168 emditnsquc
528 3087 649 3153 iuvenis
679 3086 779 3152 fuisse
801 3087 926 3153 dicatur
949 3089 1008 3162 3,6
1032 3085 1160 3150 dicitnr:
1186 3101 1277 3148 acum

176 3195 277 3260 tantis
296 3194 479 3261 deliciarum
501 3201 533 3260 et
553 3197 700 3262 luxuriae
723 3200 911 3277 quateretur
932 3193 1089 3260 erroribus
1114 3211 1175 3258 ss«

174 3446 223 3500 rit.
241 3445 330 3500 Marci
350 3449 375 3511 t,
394 3446 442 3501 sed
462 3463 495 3501 ax
513 3447 556 3502 his
575 3448 641 3502 solis
661 3443 773 3510 itdiciis
792 3446 920 3502 concludi
939 3463 994 3500 non
1013 3463 1095 3516 posse
1113 3445 1174 3514 quis
1187 3445 1280 3499 ouius·

173 3559 227 3611 que
244 3541 319 3596 vitae
336 3547 435 3596 auctor
461 3543 505 3609 sit,
525 3542 573 3598 sed
591 3544 747 3613 scriptores
772 3544 840 3598 talia
858 3560 892 3597 ex
907 3542 1031 3597 fontibus
1049 3541 1106 3596 suis
1124 3541 1277 3610 transcrip-

174 3638 243 3692 sisse
262 3638 453 3707 compluribus
473 3639 643 3694 ostendimus
664 3641 805 3709 exemplis.

275 3735 301 3803 1)
321 3734 363 3788 cf.
380 3735 430 3789 rit.
449 3735 544 3790 Aurel.
563 3737 606 3798 42,
626 3734 676 3789 vit.
695 3735 759 3789 Cari
778 3739 801 3799 l,
821 3733 909 3789 Firmi
935 3736 956 3788 l.

273 3831 301 3894 2)
320 3828 463 3884 ›Secreta‹
486 3831 526 3883 sic
544 3829 685 3884 Oberdick
705 3829 722 3882 l.
737 3845 761 3884 o.
780 3845 832 3898 pro
853 3833 969 3884 asceta«

277 3925 304 3994 3)
323 3925 416 3995 Atque
435 3930 535 3980 auctor
562 3942 643 3994 quem
673 3924 718 3979 bic
744 3926 878 3994 epitomat
898 3925 1069 3993 Capitolinus
1099 3923 1168 3977 mibi
1185 3924 1275 3978 Mario

175 4020 297 4076 Maximo
314 4021 391 4075 nisus
411 4037 471 4074 esse
490 4021 610 4075 videtur.
629 4019 664 4074 cl.
683 4020 732 4074 rit.
749 4021 815 4077 Ver.
835 4021 861 4087 2,
881 4021 897 4073 5
917 4023 946 4073 et
961 4019 1051 4074 Marci
1069 4037 1092 4074 c.
1111 4022 1136 4073 2.

273 4118 300 4183 4)
320 4116 359 4172 Cf,
390 4119 458 4181 1‚s.
491 4119 517 4180 2,
537 4117 562 4169 6.
595 4116 737 4170 ‚omnibus
766 4115 873 4170 deliciis
898 4116 967 4170 iocis
1002 4116 1133 4169 decenter
1166 4113 1274 4184 aptissi-

171 4229 255 4266 mus«
283 4214 308 4277 3,
335 4216 351 4267 7
378 4213 500 4266 »amavit
527 4215 621 4266 tamen
647 4211 804 4266 Antoninus
833 4211 898 4266 Pius
927 4211 1133 4281 simplicitatem
1166 4209 1273 4281 ingenii

167 4307 375 4389 puritatemque
393 4307 506 4364 vivendi
523 4307 707 4382 hortatusque
724 4311 775 4376 est,
793 4311 826 4362 ut
843 4309 1005 4372 imitaretur
1025 4311 1054 4363 et
1072 4306 1218 4369 fratrem.r
