3078 5096
812 412 830 470 2

273 597 440 680 Augustae
453 596 502 662 usi
524 600 607 661 sunt.
644 595 796 661 Octavum
815 595 988 660 HerodIani
1008 594 1124 660 librum
1139 593 1297 677 excerpsit
1318 592 1378 658 Oa-

273 705 424 789 pitolinus
450 706 481 770 in
510 704 598 770 vita
629 703 952 769 Maximinorum
973 722 1000 769 o.
1023 703 1190 785 21-241).
1224 702 1327 778 Quam
1349 703 1378 769 si

274 833 345 880 cum
356 813 534 878 Herodiano
547 831 767 894 comparamus
782 812 873 878 facile
888 831 1079 896 cognoscere
1094 831 1269 894 possumus,
1282 829 1378 892 quem

272 925 304 988 in
319 924 447 989 modum
467 921 663 1004 (lapitoIInus
679 922 842 987 historiam
864 921 1034 1004 scripserit,
1059 919 1090 1004 l)
1104 920 1276 987 Herodiani
1292 921 1377 984 enim

272 1031 414 1096 narratio
439 1031 517 1095 adeo
539 1033 570 1094 in
595 1030 692 1096 breve
713 1029 921 1110 contrahitur,
943 1035 980 1096 ut
1000 1029 1130 1112 singulis
1150 1030 1227 1096 locis
1247 1027 1378 1095 vindici

272 1139 382 1222 possit,
413 1138 489 1220 quid
519 1139 719 1205 Herodianus
753 1140 931 1204 narraverit
960 1138 1011 1222 (ol.
1042 1142 1091 1218 24,
1125 1143 1204 1203 1-3
1237 1142 1270 1205 et
1300 1137 1376 1202 Her.

272 1246 359 1312 VIII.
382 1250 424 1326 6).
447 1247 551 1311 Nihilo
581 1247 684 1312 socius
714 1247 810 1312 verba
839 1247 909 1327 ipsa
932 1246 1104 1312 Herodiani
1130 1247 1230 1312 latine
1252 1249 1377 1311 vertere

273 1354 468 1438 Capitolinus
497 1355 611 1420 studet.
656 1356 688 1437 2)
710 1356 772 1420 Ter
792 1354 962 1421 Herodiani
982 1355 1156 1421 narrationi
1180 1353 1378 1436 Capitolinus

272 1481 331 1528 sua
353 1481 392 1528 ex
418 1469 523 1529 mente
550 1465 707 1545 quaedam
731 1463 862 1543 addidit,
891 1467 940 1545 22,
966 1469 985 1527 6
1007 1464 1135 1543 quidem
1159 1465 1377 1543 »quantana

273 1572 329 1637 teli
351 1571 436 1638 iactu
465 1573 544 1638 satis
572 1576 661 1638 tutus
692 1591 761 1639 esse
782 1578 918 1653 posset«
947 1573 1024 1638 mihi
1052 1572 1280 1655 transpositum
1306 1589 1376 1636 esse

272 1678 399 1746 videtur
419 1697 458 1744 ex
472 1679 547 1746 Her.
569 1681 645 1745 VIII
667 1686 697 1758 4,
720 1684 738 1743 6
758 1678 926 1761 μείναντες
948 1678 984 1744 δὲ
1000 1676 1064 1760 ἔξω
1087 1673 1299 1762 τοξεύματος,
1321 1680 1378 1745 sed

273 1788 453 1854 Herodiano
483 1806 546 1852 non
576 1787 730 1853 debentur
761 1793 810 1866 23,
833 1792 852 1851 6
879 1807 1069 1870 »eorumque
1098 1787 1204 1870 capita
1235 1786 1378 1870 praefixa

273 1897 374 1962 contis
389 1895 623 1975 Aquilienslbus
644 1895 921 1961 demonstrarunt«
939 1897 1023 1977 quod
1039 1895 1234 1978 CapItolinus
1256 1895 1380 1962 addidit

273 2006 349 2086 quia
384 2005 411 2067 ei
443 2004 706 2070 verisimilllmum
738 2023 807 2071 esse
836 2004 1006 2084 videretur,
1034 2005 1150 2069 milites
1180 2005 1378 2084 Aquilienses

272 2112 381 2178 statim
404 2111 444 2177 de
463 2113 707 2178 Maximinorum
722 2118 823 2179 morta
837 2114 987 2178 certiores
1009 2112 1128 2178 fecisse.
1161 2112 1241 2177 Item
1256 2110 1379 2177 addidit

274 2219 476 2301 Capitolinus
504 2221 537 2285 in
559 2221 681 2286 Balbini
705 2222 810 2286 odium
834 2225 882 2299 24,
907 2225 924 2283 7
949 2225 1001 2286 ret
1022 2220 1118 2286 homo
1149 2221 1288 2286 timidior
1318 2238 1378 2284 na·

274 2333 348 2394 tura
372 2334 405 2394 et
425 2329 477 2410 qui
500 2348 569 2394 curn
593 2328 758 2394 Maximini
781 2347 895 2394 nomen
916 2331 1049 2406 audiret,
1073 2330 1170 2396 etiam
1192 2332 1374 2405 tremeret«

275 2442 308 2503 et
330 2441 378 2515 22,
407 2440 424 2498 7
458 2438 530 2518 aqui
550 2438 807 2519 spurcissimum)
839 2441 938 2504 erat«
987 2438 1019 2520 3)
1053 2436 1246 2518 Capitolinus
1276 2437 1377 2519 igitur

273 2564 344 2612 cum
366 2545 538 2611 Herodiani
568 2546 744 2611 narrationi
773 2546 929 2626 quaedam
958 2546 1098 2626 adderet,
1128 2536 1250 2626 reliqu'a
1276 2545 1376 2610 haud·

276 2672 438 2736 quaquam
459 2658 606 2720 accurate
626 2656 779 2734 narravit,
803 2674 877 2721 nam
894 2660 951 2722 aut
972 2655 1101 2746 linguae
1124 2653 1266 2722 Graecae
1285 2654 1378 2720 nimIs

273 2781 386 2846 expers
407 2762 479 2844 fuit,
503 2768 559 2828 ant
588 2763 803 2828 Herodianum
832 2783 956 2830 summa
978 2783 1047 2828 cum
1079 2763 1269 2844 negligentia
1289 2763 1378 2845 legit,

273 2893 343 2939 curn
359 2874 534 2940 Herodiuni
547 2874 624 2938 VIII
640 2880 669 2954 6,
685 2880 703 2938 9
717 2868 775 2950 τάς
789 2897 824 2937 τε
841 2868 967 2950 εἰκόνας
984 2873 1019 2938 ἐκ
1039 2861 1105 2938 τῶν
1121 2873 1265 2956 σημείων
1283 2895 1380 2939 κατα-

280 2984 392 3046 σπῶσι
408 2985 547 3048 verteret
568 2983 630 3064 (23,
655 2985 688 3064 7)
714 2984 764 3047 rin
786 2983 900 3064 oppido
923 2984 1020 3065 igitur
1034 2983 1134 3048 vicino
1150 2984 1258 3049 statim
1274 2985 1376 3048 Maxi-

279 3091 356 3155 mini
379 3094 506 3156 statuae
534 3097 630 3170 atque
657 3092 809 3172 imagines
839 3093 1001 3174 depositae
1029 3098 1121 3159 sunto
1149 3098 1181 3157 et
1203 3093 1279 3157 Her.
1301 3092 1378 3158 VIII

274 3203 302 3278 7,
327 3197 406 3264 7τό
431 3197 490 3281 μὲν
511 3188 590 3264 ἄλλο
613 3195 846 3280 στρατιωτικὸν
867 3196 1072 3286 ἀπέπεμψεν
1093 3197 1128 3279 ἔς
1149 3197 1191 3265 τὰ
1218 3198 1301 3286 ἔθνη
1324 3202 1378 3265 καί

275 3307 318 3374 τά
341 3303 448 3374 οἰκεῖα
469 3305 687 3392 στρατόπεδα,
707 3301 805 3387 αὐτὸς
836 3309 871 3375 δέ
892 3309 1081 3396 ἐπανῆλθεν
1103 3310 1136 3388 ἐς
1156 3306 1214 3394 τὴν
1235 3305 1375 3395 Ῥώμην.

244 3508 249 3514 .
276 3417 465 3501 &morbidae
488 3416 597 3483 δὲκαὶ
627 3414 657 3484 oi
681 3411 751 3484 α’πὸ
774 3419 954 3502 Ιτρμανίας
983 3414 1183 3504 ἐληλυθότες
1211 3413 1376 3502 σύμμαχοι

273 3522 329 3590 aab
355 3527 417 3608 (24,
441 3526 473 3610 6)
506 3546 623 3608 aquare
651 3530 759 3593 statim
788 3529 925 3595 dimissis
956 3530 1187 3595 Germanorum
1218 3531 1371 3596 auxiliis«

273 3635 306 3717 4)
329 3633 535 3716 Capitolinus,
558 3639 595 3698 ut
617 3654 650 3701 se
674 3637 801 3700 doctum
825 3642 922 3716 atque
943 3637 1106 3702 Ilteratum
1129 3636 1281 3718 praebeat
1298 3638 1375 3703 citat

275 3747 323 3821 21,
341 3747 359 3805 5
378 3743 537 3824 »plerique
552 3761 628 3808 sane
644 3743 781 3825 didunto
800 3749 835 3808 ut
849 3745 966 3809 multos
977 3744 1075 3809 libros
1088 3744 1199 3825 legisse
1213 3745 1374 3829 videatur3

272 3920 468 3929 -.-—.-——-

376 4018 402 4084 1)
423 4017 542 4072 adhibeo
555 4018 714 4083 editionem,
729 4035 811 4088 qnam
831 4017 955 4072 instituit
966 3987 1142 4074 IIermannns
1154 4019 1244 4075 Peter.
1264 4018 1374 4088 Idpsiao

276 4115 352 4169 1665.
372 4117 388 4167 2
406 4115 459 4169 vol.

379 4228 406 4297 2)
425 4228 465 4282 sie
484 4227 589 4297 optime
607 4227 747 4283 Oberdick
763 4245 816 4299 pro
832 4228 1049 4298 speciosissimus
1068 4234 1129 4284 erat
1147 4247 1182 4285 ex
1199 4231 1243 4296 28,
1255 4229 1279 4284 4.
1298 4229 1374 4286 zeit-

274 4323 373 4379 schrift
391 4324 436 4378 fiir
456 4324 686 4381 bsterreiebische
704 4325 878 4394 Gymnasien.
898 4326 975 4380 1665.
996 4344 1022 4396 p.
1035 4327 1185 4382 rat—745.
