3078 5096
806 374 826 433 8

265 550 397 616 historia
417 548 581 616 scribenda
603 549 794 616 adhibuerit.
838 550 930 615 Vitas
951 549 1163 633 compluribus
1187 569 1224 616 ax
1257 554 1364 616 aueto-

264 659 351 725 ribus
373 659 417 724 sic
437 658 618 742 compilavit
640 662 686 738 ut,
718 675 800 738 quae
829 657 868 723 de
889 659 1000 724 eadem
1025 677 1060 724 re
1080 661 1190 740 plures
1218 662 1366 724 auctores

262 767 457 847 retulissent,
479 772 635 847 narraret,
666 785 770 848 neque
791 785 932 848 unquam
962 767 1156 848 diiudicaret,
1186 767 1235 834 cui
1257 771 1367 834 aucto·

263 895 335 942 rum
360 877 462 943 maior
482 876 561 942 fides
583 875 727 942 habenda
751 880 843 944 esset.
888 877 1189 960 Breviapraeterea
1214 881 1365 958 excerpta

262 986 296 1050 in
316 986 531 1051 narrationem
554 985 753 1068 interposuit,
785 1003 867 1066 quae
897 988 1050 1067 pleraque
1078 986 1183 1052 verbis
1212 986 1368 1068 incipiunt

266 1111 377 1158 osane«
401 1091 452 1158 vel
474 1096 676 1173 »praetereat
701 1092 752 1158 vel
777 1093 963 1173 »denique«.

361 1533 543 1615 Antequam
565 1533 834 1614 adquaestionem
858 1534 898 1598 de
920 1534 1077 1616 prioribus
1098 1537 1172 1602 vitis
1195 1539 1364 1605 instituen-

260 1644 334 1710 dam
364 1644 540 1726 aggredior,
574 1643 683 1724 paucis
714 1647 841 1708 tantum
868 1643 972 1709 verbis
1001 1643 1040 1709 de
1061 1645 1252 1725 auctoribus,
1279 1664 1360 1729 quos

266 1755 435 1834 scriptores
455 1752 564 1833 citant,
588 1751 664 1815 mihi
678 1750 896 1816 disserendum
909 1755 967 1817 est.
1001 1752 1142 1829 Quorum
1158 1754 1242 1819 inter
1257 1773 1368 1822 omues

264 1862 552 1945 praeclarissimum
572 1865 670 1940 atque
683 1858 899 1926 fidelissimum
912 1859 1052 1926 Marium
1066 1861 1241 1928 Maximum
1257 1861 1367 1945 fuisse,

266 1971 410 2052 quisquis
432 1970 514 2035 hanc
538 1970 753 2050 quaestionem
775 1967 894 2048 habuit,
917 1968 1080 2034 intellexit.
1117 1969 1268 2038 Marius
1289 1971 1322 2035 M
1333 1991 1366 2036 a·

264 2079 399 2146 ximus
421 2078 545 2159 scripsit
563 2077 644 2142 vitas
664 2077 893 2158 imperatorum
915 2096 935 2142 a
955 2077 1060 2144 Nerva
1083 2096 1182 2159 usque
1204 2080 1244 2145 ad
1259 2080 1366 2147 Helio-

264 2186 414 2268 gabalum
436 2187 557 2252 omissis
580 2191 687 2252 tamen
709 2187 755 2267 iis,
785 2188 838 2267 qui
860 2189 1002 2267 quamvis
1022 2187 1187 2269 imperium
1210 2189 1365 2256 adfectas·

265 2300 345 2378 sent,
376 2298 518 2364 attamen
548 2293 589 2358 ad
611 2294 779 2374 imperium
803 2311 865 2358 non
887 2301 1105 2376 pervenerant,
1128 2294 1166 2360 ef.
1192 2300 1245 2361 rit.
1270 2299 1366 2365 Firm.

273 2408 299 2483 1,
313 2407 340 2467 2.
385 2402 506 2467 Marius
529 2403 689 2467 Maximus
701 2401 846 2468 Avidium
869 2402 968 2468 Marci
990 2403 1193 2485 temporibus,
1218 2405 1365 2470 Albinum

264 2518 296 2578 et
320 2512 454 2592 Nigrum
477 2511 582 2576 Severi
605 2528 666 2577 non
695 2510 760 2576 suis
782 2511 916 2592 propriis
949 2509 1036 2578 libris
1064 2511 1118 2578 sed
1146 2513 1256 2580 alienis
1279 2515 1365 2580 inne·

263 2623 349 2703 xuit3
371 2625 402 2686 et
426 2620 465 2684 de
486 2619 635 2685 Suetonio
657 2638 719 2686 non
744 2620 905 2698 miramur,
930 2621 980 2688 oui
1000 2620 1155 2688 familiare
1177 2622 1238 2689 fuit
1258 2641 1367 2688 amare

262 2733 462 2799 brevitatem.
507 2729 588 2807 Quid
617 2729 739 2794 Marius
768 2729 937 2810 Maximus
971 2731 1065 2797 homo
1086 2733 1225 2796 omnium
1256 2734 1364 2799 verbo-

264 2841 415 2916 sissimos,
440 2842 495 2920 qui
516 2844 549 2902 et
564 2837 788 2921 mythistoricis
810 2857 844 2904 se
857 2839 1066 2904 voluminibus
1081 2843 1266 2922 implicavit,
1290 2861 1365 2906 num

264 2950 305 3016 ad
327 2951 422 3015 istam
442 2949 683 3030 descriptionem
706 2965 878 3028 curamque
900 2949 1101 3014 descenditf«

365 3058 434 3135 Quo
457 3058 648 3121 exauctare
674 3056 846 3137 scriptores
868 3057 899 3121 h.
924 3058 1005 3138 Aug.
1027 3059 1202 3124 maximam
1227 3059 1365 3125 vitarum

262 3169 386 3247 partem
400 3163 551 3230 conflasse
563 3168 695 3230 constat.
716 3163 798 3230 Nam
808 3168 1033 3248 praeterquam
1044 3167 1129 3248 quod
1141 3165 1277 3231 Marium
1296 3166 1363 3231 Ma·

263 3274 385 3339 xlmam
406 3273 512 3338 tricies
534 3271 581 3337 bis
603 3272 711 3351 citant,
740 3273 771 3338 id
795 3273 911 3338 mirum
932 3279 982 3338 est
1005 3276 1089 3354 quod
1110 3275 1288 3356 scriptores,
1312 3273 1365 3339 ubi

264 3383 347 3448 vitas
375 3383 602 3462 imperatorum
631 3382 766 3448 scribere
788 3383 1027 3464 aggrediuntur,
1065 3383 1116 3464 qui
1139 3401 1201 3448 non
1224 3401 1243 3446 a
1263 3382 1364 3447 Mario

264 3489 403 3555 Maximo
425 3490 554 3556 tractati
583 3494 683 3570 erant,
716 3509 751 3555 se
779 3498 942 3568 excusant,
971 3493 1055 3574 quod
1088 3493 1165 3557 talia
1194 3492 1366 3571 suscipiant

266 3604 323 3664 aut
345 3598 513 3679 explicant,
537 3603 657 3677 quanta
678 3596 849 3664 difficultas
873 3599 915 3664 sit
937 3599 967 3663 in
991 3598 1108 3664 talibus
1133 3599 1205 3663 vitis
1229 3596 1365 3663 scriben-

265 3707 313 3773 dis
328 3706 456 3772 vitHeli
479 3712 504 3784 l,
523 3712 549 3772 1.
563 3709 590 3770 2.
614 3709 643 3786 7,
656 3710 683 3772 5.
705 3707 752 3771 vit
766 3707 848 3772 Avid
865 3711 893 3786 3,
915 3713 941 3772 1.
960 3709 1007 3773 vit
1018 3706 1108 3787 Nigri
1134 3711 1204 3784 1,1.
1225 3713 1253 3784 9,
1276 3711 1365 3771 l-d.

265 3819 311 3881 vlt
333 3815 466 3880 Macrini
491 3822 518 3899 l,
538 3821 565 3880 1.
590 3820 637 3895 15,
656 3819 738 3879 3-4
761 3816 837 3898 (non
864 3816 947 3881 enim
978 3815 1069 3881 credo
1102 3815 1240 3880 Marium
1262 3813 1363 3879 Maxi-

268 3937 361 3990 mum*
375 3923 507 3989 Macrini
531 3925 629 3990 vitam
651 3925 683 3988 in
705 3925 808 3990 lucem
829 3925 963 3990 edidisse
985 3941 1042 3988 nec
1054 3923 1243 3990 Diadumeni
1265 3925 1365 3990 vitam

269 4033 446 4113 scripsisse)
468 4033 522 4099 vit.
536 4033 606 4099 Get.
632 4037 659 4114 1,
675 4040 701 4098 1.
735 4033 826 4099 Talia
846 4033 935 4098 nulla
956 4033 987 4097 in
1008 4033 1074 4098 vita
1094 4033 1282 4114 invenimus,
1302 4051 1366 4116 qua

263 4141 467 4224 scriptoribus
502 4141 638 4212 facultas
676 4147 758 4211 esset
788 4143 865 4212 data
893 4140 1031 4210 Marium
1059 4142 1233 4212 Maximum
1266 4142 1364 4226 epito-

267 4251 384 4318 mandi.
