3078 5096
686 425 724 483 51

164 605 229 681 tiat,
254 604 517 671 verisimillimum
542 611 599 687 est,
629 606 765 672 Marium
786 605 960 670 Maximum
996 621 1121 686 quoque
1147 605 1261 670 »Iulia-

164 731 237 776 num
261 711 365 778 odisse
387 715 551 794 coepisse«
599 713 811 794 Quaecunque
839 714 918 779 enim
945 716 1121 792 sequuntur
1144 711 1262 792 scripta

163 825 235 886 sunt
269 822 309 886 ad
337 821 494 888 Iulianum
534 822 763 890 defendendum
788 828 820 887 et
840 821 985 886 laudibus
1012 819 1203 884 efferendum
1227 819 1264 884 cs.

166 933 192 1006 3,
218 935 263 994 10.
288 934 353 1006 4,1
392 948 666 1012 »unumquemque
700 937 736 996 nt
764 937 834 996 erat
860 937 949 996 aetus
982 931 1031 995 vel
1059 934 1182 1008 patrem
1212 929 1264 993 vel

165 1033 261 1101 filium
284 1036 333 1101 vel
355 1043 519 1118 parentem
543 1037 669 1103 adfatus
701 1037 904 1102 blandissime
927 1042 995 1116 est,
1028 1040 1056 1114 4,
1078 1041 1099 1098 4
1124 1036 1263 1117 »lapides

164 1144 194 1208 in
216 1162 288 1210 eum
320 1147 467 1223 iecerunt,
502 1165 573 1210 cum
595 1146 734 1212 lulianus
775 1165 871 1212 manu
892 1164 952 1212 eosw
982 1163 1106 1227 semper
1135 1146 1264 1226 placare

165 1257 302 1334 cuperet,
314 1255 476 1338 ingressus
492 1262 597 1322 autem
611 1257 730 1322 curiam
744 1256 866 1337 placide
882 1261 914 1323 et
926 1255 1099 1336 prudenter
1113 1252 1235 1320 verbus
1252 1287 1265 1300 -

164 1362 234 1428 cit«
268 1366 296 1442 4,
314 1367 332 1426 5
347 1365 429 1445 uegit
447 1366 594 1444 gratiae«
621 1365 738 1446 apatris
758 1369 881 1446 patriae
900 1383 1025 1445 quoqne
1042 1382 1156 1429 nomen
1182 1379 1265 1426 reca-

164 1471 210 1551 pit
224 1469 248 1552 ¹)
275 1479 457 1554 argenteam
489 1479 629 1540 statuam
653 1475 802 1556 respuit«
827 1479 857 1554 4,
880 1477 898 1536 8
925 1475 1020 1538 »haec
1042 1473 1146 1536 omnia
1169 1471 1266 1535 Iulia-

166 1597 223 1645 nus
246 1581 366 1660 placide
398 1582 473 1646 tulit
505 1585 636 1663 totoque
669 1583 794 1663 imperii
824 1583 872 1648 sui
906 1587 1046 1663 tempore
1081 1580 1266 1644 mitissimus

164 1685 240 1752 luite
264 1691 327 1767 4,9
352 1690 473 1752 umnlta
497 1689 536 1753 ad
552 1688 780 1754 conciliandum
809 1686 948 1753 favorem
972 1689 1080 1771 populi
1095 1686 1264 1763 restitnit«,

166 1799 194 1873 t,
221 1801 259 1860 10
282 1798 442 1862 >recusent
472 1804 588 1878 autem,
621 1803 750 1881 propter
773 1806 892 1864 metum
918 1799 1055 1864 nlilitum
1087 1796 1126 1861 de
1149 1797 1268 1860 honore

166 1905 337 1972 Pertinacis
357 1905 488 1972 tacitum
501 1924 598 1972 esse«
625 1907 751 1991 Optime
769 1914 889 1986 auctor,
909 1927 1003 1990 quem
1020 1906 1163 1987 seqnitur
1174 1903 1269 1987 Spar·

165 2015 270 2080 tiauus
293 2033 332 2080 ex
362 2033 399 2082 co
423 2019 627 2097 cognoscitur,
655 2019 738 2099 quod
764 2026 792 2098 4,
818 2019 937 2084 fidicat
959 2018 1116 2083 lulianum
1140 2016 1267 2096 quidem

167 2125 318 2205 populum
339 2123 422 2190 ferro
455 2129 488 2188 et
522 2127 705 2191 vulneribus
726 2127 944 2206 summovisse,
969 2126 1067 2190 addat
1084 2129 1190 2190 tamen
1217 2127 1269 2188 »et

166 2233 652 2313 pollicitationibusaureorum,
682 2252 762 2313 quos
786 2234 895 2314 digitis
925 2233 1114 2299 ostendebat
1148 2230 1270 2313 ipsclu-

168 2342 278 2418 lienus,
304 2347 341 2408 ut
359 2340 453 2406 fidem
475 2340 621 2408 faceret«
667 2342 719 2410 Ita
733 2343 876 2409 lulianus
894 2343 1046 2426 populum
1069 2341 1268 2422 pollicitatio·

167 2453 258 2518 nibus
268 2453 467 2534 potissimum
485 2453 692 2518 summovisse
712 2453 846 2532 videtur,
869 2471 940 2516 curn
954 2453 1013 2516 Dio
1034 2451 1215 2529 referat73,
1232 2453 1268 2512 13

170 2560 325 2626 Iulianum
352 2561 453 2640 primo
484 2562 609 2640 quidem
647 2563 811 2641 pecuniam
853 2562 1047 2642 promisisse,
1084 2579 1166 2640 quae
1198 2575 1269 2624 cum

168 2671 270 2736 minua
292 2669 468 2750 proficeret,
492 2669 608 2733 milites
630 2669 759 2734 iussisse
789 2668 953 2734 adstantes
975 2667 1161 2732 interlicere.
1206 2665 1271 2728 lte·

168 2797 322 2858 querum
346 2784 373 2858 3,
396 2783 489 2858 34,
514 2783 551 2842 10
578 2777 781 2842 vehementer
809 2795 878 2842 oum
910 2777 1024 2842 ceteris
1046 2774 1202 2856 capitibus
1223 2792 1271 2838 re·

168 2897 318 2970 pugnent,
345 2905 383 2950 ea
410 2885 511 2950 Mario
539 2885 682 2951 Maximo
713 2886 851 2952 tribuere
883 2903 945 2950 non
977 2899 1154 2965 possumus,
1208 2882 1273 2948 Nec

170 2996 294 3062 difficile
322 3002 370 3062 est
402 2989 496 3070 dictu,
530 3013 666 3075 quonam
694 3013 734 3059 ex
765 3000 894 3059 auctore
914 2995 970 3059 illa
1004 2993 1164 3070 fluxerint,
1196 2991 1222 3056 si
1246 2995 1274 3068 3,

169 3109 251 3168 8-9
273 3122 492 3185 comparamus
515 3123 585 3168 cum
610 3106 665 3168 vit.
687 3105 807 3170 Pertin.
832 3110 878 3180 12,
903 3109 986 3168 2-3
1010 3109 1042 3169 et
1064 3105 1110 3183 iia,
1130 3119 1212 3183 quae
1234 3101 1273 3166 de

169 3215 270 3280 (londo
294 3215 436 3280 disserui.
481 3214 612 3296 Gordus,
643 3234 714 3280 cum
735 3216 766 3280 in
788 3215 964 3280 Pertinacis
987 3215 1052 3287 vita
1075 3217 1186 3277 contra
1208 3209 1275 3273 Ma-

169 3325 251 3390 rium
272 3324 444 3388 Maximum
457 3324 655 3390 Pertinacem
677 3322 899 3390 avarissimum
930 3329 962 3388 et
984 3321 1199 3388 avidissimum
1224 3316 1279 3381 bo·

169 3435 285 3498 minem
311 3431 408 3498 fuisse
437 3435 638 3510 contenderit,
663 3435 693 3497 in
715 3434 829 3498 Iuliani
853 3434 928 3513 vita,
949 3437 986 3496 ut
1010 3431 1082 3497 novi
1103 3427 1278 3508 quidquam

170 3541 290 3620 afferet,
313 3542 472 3605 Iulianum
494 3546 604 3606 contra
618 3541 754 3606 Marium
771 3539 946 3605 Maximum
963 3537 1113 3612 defendit,
1138 3539 1172 3598 ot
1193 3530 1277 3612 quod

168 3652 200 3716 in
220 3649 392 3716 Pertinacis
421 3650 486 3714 vita
518 3667 660 3716 summae
690 3669 760 3716 esse
781 3648 935 3716 auaritiae
963 3649 1053 3724 dixit,
1077 3643 1189 3710 eadem
1214 3641 1281 3704 fere

171 3759 201 3822 in
223 3757 338 3823 Iuliani
360 3759 425 3823 vita
448 3758 558 3824 attulit
592 3765 629 3824 ut
651 3760 893 3836 demonstraret,
917 3762 1041 3838 quauta
1059 3770 1186 3820 morum
1207 3751 1280 3814 sim·

168 3865 309 3946 plicitate
330 3865 472 3930 lulianus
494 3864 616 3931 fuisset.

269 3973 414 4040 Alterum
438 3984 534 4056 caput
556 3975 642 4042 vitae
662 3975 872 4054 Iulianiquod
897 3995 957 4040 nou
980 3973 1118 4040 eMario
1142 3970 1283 4036 Maximo

260 4219 301 4287 ,1)
319 4218 399 4286 Quod
417 4218 520 4275 falsum
540 4224 595 4276 eat.
613 4222 697 4277 Nullo
711 4220 785 4274 onim
806 4219 834 4271 in
853 4233 968 4272 nummo
986 4215 1030 4269 vel
1048 4211 1141 4281 lapide
1156 4211 1281 4266 Iulianus

170 4318 253 4384 pater
270 4315 376 4385 patriae
394 4318 624 4384 cognominatur.
