3078 5096
684 445 722 506 17

162 630 198 690 ιι
216 628 363 706 superius
394 625 540 707 diximus,
584 629 639 694 sed
669 627 748 694 haec
777 631 883 694 omnia
911 646 967 709 per
1002 628 1157 709 epistulas
1184 647 1259 696 suas

158 735 332 815 purgavit«
384 733 446 801 Sed
481 735 677 817 Capitolinus
700 741 748 817 19,
769 717 791 800 v‘l
826 735 954 820 quidem
976 737 1094 815 retulit,
1117 735 1260 803 nFausti·

159 861 228 907 nam
265 844 463 910 condiciones
492 845 551 912 sibi
593 849 627 910 et
646 846 790 912 nauticas
818 853 851 910 et
872 845 1075 926 gladiatorias
1098 845 1259 926 elegisset

161 951 234 1016 nihil
254 957 363 1018 autem
389 952 470 1018 dixit
493 955 552 1020 ude
571 955 688 1020 amatis
710 954 941 1036 pantomimica
996 954 1110 1034 Itaque
1132 959 1188 1018 aut
1208 971 1260 1020 su·

160 1059 261 1140 parius
276 1060 431 1126 diximus«
450 1079 489 1126 ex
503 1068 632 1131 auctore
647 1081 705 1130 suo
717 1065 883 1130 transtulit
893 1063 1090 1145 Capitolinus
1104 1062 1138 1146 ¹).
1159 1061 1261 1139 Quem

158 1173 317 1236 auctorem
346 1169 482 1235 Marium
507 1171 683 1240 Maximum
705 1173 802 1240 fuisse
824 1191 887 1239 non
909 1173 1076 1238 verisimile
1097 1176 1153 1252 est,
1184 1189 1258 1238 nam

159 1295 224 1357 cap.
239 1282 290 1360 26,
314 1283 332 1342 5
355 1283 506 1345 narratur
526 1281 669 1347 Marcum
696 1285 803 1348 uxoris
826 1282 1026 1364 impudiciam
1049 1285 1107 1346 aut
1126 1281 1262 1347 nescisse

163 1388 219 1450 aut
239 1387 467 1469 dissimulasse,
487 1387 595 1469 itaque
616 1394 752 1472 negatur
774 1389 915 1457 Marcum
935 1390 974 1456 de
996 1390 1105 1455 uxoris
1127 1387 1261 1473 impudi-

158 1493 204 1558 cia
229 1495 378 1576 epistolas
412 1497 574 1578 scripsisse
587 1497 623 1580 ²).
655 1499 769 1580 Itaque
791 1504 847 1565 aut
869 1502 951 1579 23,7
975 1503 1031 1564 aut
1052 1501 1133 1578 26,5
1158 1496 1260 1563 Mario

160 1601 297 1668 llaximo
328 1605 540 1672 ,abiudicanda
574 1612 656 1674 sont.
713 1610 757 1674 At
776 1612 826 1689 26,
849 1615 867 1673 5
890 1627 959 1674 cum
981 1608 1155 1675 Faustinae
1176 1624 1261 1672 mors

158 1717 332 1794 enarretur,
359 1713 476 1796 optime
497 1716 536 1781 de
558 1715 697 1782 moribus
732 1717 799 1782 eius
821 1717 1012 1798 disputatur,
1036 1721 1085 1795 23,
1110 1721 1128 1778 5
1151 1720 1258 1781 autem

158 1837 304 1900 perverse
325 1826 358 1887 et
380 1823 479 1888 stulte
501 1822 696 1904 Capitulinus
720 1843 793 1892 cum
817 1825 856 1890 de
876 1827 1079 1908 pantomimis
1102 1824 1259 1905 quaedam

160 1931 329 1996 memoriae
363 1931 480 2011 trudat,
512 1933 570 1998 »de
600 1935 714 1999 amatis
738 1952 863 2017 quoque
890 1953 909 1998 a
932 1935 1084 2002 Faustina
1104 1931 1259 2016 pantomi-

156 2040 212 2102 mis
234 2043 313 2104 ete«
338 2041 443 2106 nescio
465 2059 528 2122 quo
549 2061 590 2108 ex
612 2050 741 2110 auctore
765 2044 874 2110 refert.

262 2147 414 2231 Mdller⁸)
448 2167 472 2214 c.
488 2155 538 2228 24,
564 2154 645 2214 6-7
670 2171 730 2218 ιιοιι
760 2170 779 2217 e
809 2151 910 2217 Mario
931 2151 1073 2217 Maximo
1095 2169 1259 2216 emanasse

159 2255 287 2336 iudicat,
309 2257 364 2322 sed
386 2257 610 2340 Capitolinum,
635 2280 706 2326 cum
728 2263 804 2328 citet
840 2261 986 2343 »quidam
1018 2263 1154 2342 dicante
1190 2259 1262 2326 aselii

159 2362 283 2429 dicuntu
315 2365 423 2448 plures
446 2367 544 2435 libros
578 2369 762 2451 inspexisse.
805 2369 868 2436 Sed
890 2368 1099 2454 Capitolinum
1123 2368 1200 2435 talia
1220 2385 1261 2432 ex

159 2477 286 2539 auctore
321 2491 378 2540 suo
410 2476 612 2544 transtulisse
641 2484 675 2544 et
697 2479 861 2562 saeptum)
897 2480 1032 2544 uidimus
1057 2483 1090 2544 et
1109 2477 1169 2543 hoc
1190 2477 1259 2556 qui-

262 2645 287 2708 1)
308 2641 388 2708 Quod
407 2645 504 2698 mirari
522 2662 577 2700 nou
597 2644 736 2700 debemus.
774 2647 889 2716 Saepius
908 2647 982 2701 enim
1002 2648 1066 2701 talis
1086 2646 1263 2716 negligentia

162 2733 305 2790 invenitur
326 2738 401 2806 apud
419 2740 570 2808 scriptores
593 2739 726 2796 historiae
741 2743 891 2810 Augustae.
912 2742 948 2798 οι.
966 2742 1015 2796 vit.
1040 2742 1115 2795 Com.
1139 2744 1189 2804 1,l
1212 2741 1262 2794 »de

167 2831 310 2886 Commodi
321 2833 456 2888 Antonini
467 2836 631 2904 parentibus
645 2838 679 2890 in
696 2837 772 2891 vita
790 2837 901 2892 Marci
919 2839 986 2892 satia
1005 2842 1046 2891 est
1064 2837 1262 2906 disputatum«

162 2927 240 2995 Quod
260 2929 305 2982 »in
326 2930 382 2983 vita
399 2931 503 2985 Marci«
533 2933 618 2987 etiam
637 2933 712 3003 apud
736 2935 856 2990 Marium
875 2935 1027 2989 Maximum
1045 2935 1181 3003 scriptum
1199 2938 1263 2988 erat

160 3042 249 3093 neque
276 3026 492 3082 existimandum
520 3035 569 3097 eat,
601 3031 675 3099 quod
700 3031 816 3086 Richter
846 3031 907 3086 vult
924 3030 1116 3100 (Rheinisohes
1134 3029 1263 3086 Museum

159 3123 210 3178 Vll
229 3141 257 3192 p.
274 3124 340 3192 to),
374 3121 563 3195 Lampridium
600 3145 710 3196 quoqne
735 3130 819 3182 ritem
839 3127 927 3182 Marci
952 3128 1163 3198 conscripsisse,
1192 3144 1262 3196 quae

159 3219 249 3274 adhuc
266 3236 324 3274 non
341 3226 473 3276 exstaret.
500 3223 608 3278 Deinde
626 3225 684 3278 vita
697 3225 763 3279 Veri
782 3228 809 3287 9,
823 3229 864 3280 10.
881 3241 906 3279 ο.
921 3229 962 3290 10,
976 3227 999 3280 2.
1019 3241 1042 3279 c.
1057 3229 1135 3289 11,1.
1155 3230 1200 3279 est
1217 3242 1262 3280 re-

159 3315 303 3370 ferendum
332 3318 368 3372 ad
398 3319 486 3372 Marci
517 3321 602 3374 sitam
633 3337 649 3374 a
675 3320 765 3376 Mario
786 3321 908 3376 Maximo
937 3322 1078 3391 scriptam.
1128 3321 1264 3376 Fabulam

161 3413 234 3467 enim
257 3431 356 3482 squam
375 3415 464 3469 Marci
490 3432 546 3470 non
565 3417 641 3486 capit
660 3417 732 3470 vita«
758 3417 972 3488 Capitolinusin
1000 3418 1057 3474 vita
1076 3417 1164 3472 Marci
1184 3419 1260 3484 15,o

164 3511 314 3563 memoriae
343 3510 467 3575 tradidit,
488 3515 517 3564 et
543 3511 607 3564 »illa
629 3511 732 3582 fabula,
753 3530 823 3581 quae
842 3515 872 3567 in
890 3513 978 3567 Marci
996 3514 1071 3568 vitae
1089 3514 1182 3584 posita
1201 3516 1259 3566 estc

162 3621 218 3657 non
251 3603 393 3658 invenitur
422 3607 452 3661 in
479 3596 537 3659 vita
554 3604 643 3661 Marci
661 3624 678 3660 a
698 3607 857 3678 Capitolino
877 3609 992 3678 scripta.
1022 3611 1114 3677 Atque
1134 3608 1176 3662 vit
1194 3609 1262 3663 Ant,

158 3700 201 3754 Pii
214 3703 240 3765 9,
254 3704 276 3764 1,
299 3700 409 3768 asemas,
427 3702 463 3755 de
481 3720 535 3771 qua
553 3701 689 3757 diximus«
710 3724 745 3758 ex
764 3713 876 3760 auctore
896 3723 945 3760 suo
965 3705 1113 3759 transtulit
1132 3705 1261 3774 scriptor,

163 3815 226 3852 cum
251 3797 286 3850 de
314 3795 387 3852 fama
416 3797 485 3852 nihil
509 3797 645 3854 retulerit.

264 3895 292 3961 2)
315 3893 394 3960 Quod
413 3893 595 3948 confirmatur
613 3897 707 3951 verbis
725 3895 815 3952 Marci
835 3897 942 3952 Aureli.
962 3901 1012 3957 Εἰς
1030 3896 1127 3952 ἑαυτὸν
1144 3896 1214 3952 117.
1232 3894 1263 3951 τὸ

157 3986 207 4056 τὴν
223 3997 342 4060 γυναῖκα
360 3985 486 4058 τοιαύτην
504 3991 583 4059 εἶναι,
613 3987 713 4046 offirmas
739 3991 795 4065 μὲν
815 3989 1048 4062 aestimaverim
1067 3993 1099 4048 ct
1118 3989 1264 4067 φιλόστορ·

158 4105 212 4156 γον
228 4081 297 4139 οὕτω
314 4087 346 4140 δὲ
362 4083 459 4160 ἀφελῆ.

261 4187 289 4257 3)
309 4181 341 4238 L.
362 4200 387 4240 ο.
405 4201 432 4253 p.
448 4187 491 4239 50.
512 4185 592 4240 Anm.
613 4189 639 4252 3,

261 4284 289 4348 4)
308 4283 348 4338 cf.
368 4302 393 4354 p.
410 4287 426 4338 3
445 4288 473 4338 at
491 4283 554 4337 adn.
570 4268 603 4338 ld
617 4288 646 4339 et
658 4287 700 4340 vit
717 4284 783 4340 Max
796 4287 839 4348 22,
860 4287 988 4358 dirquod
1006 4287 1119 4356 quidam
1137 4287 1261 4345 dicunt«

158 4379 390 4444 Her.v111e,o.

1043 4477 1062 4536 2
