3078 5096
631 704 847 776 VITA.

289 1029 357 1112 Ego
387 1029 520 1096 Carolus
544 1031 644 1097 Rubel
673 1034 769 1096 natus
797 1048 868 1096 sum
895 1028 1043 1096 Vesolioe
1070 1032 1110 1092 24
1134 1027 1225 1093 Febr.
1260 1044 1290 1092 a.

193 1139 272 1200 1848
298 1134 330 1201 h.
359 1154 406 1202 ae.
440 1155 479 1202 ex
511 1141 604 1220 patre
632 1136 817 1203 Abrahema
851 1154 944 1218 quem
977 1136 1052 1202 mihi
1084 1138 1290 1217 praematura

191 1252 294 1312 morte
314 1250 459 1326 ereptum
482 1264 553 1312 esse
574 1247 669 1312 valde
692 1247 786 1328 lugeo
807 1248 910 1312 matre
931 1245 1012 1311 Iulia
1034 1245 1073 1312 de
1095 1248 1189 1327 gente
1215 1243 1289 1308 Bra-

190 1351 317 1420 b'dnder.
372 1353 526 1435 Religioni
561 1355 707 1422 addictus
740 1374 811 1422 sum
843 1355 1052 1436 evangelicae.
1098 1354 1179 1418 Anu.
1211 1356 1290 1418 1852
1320 1364 1326 1377 ’

190 1465 338 1544 parentes
369 1481 402 1526 se
432 1465 635 1530 ooutulerunt
664 1465 812 1545 Mindam‚
844 1464 899 1530 ubi
930 1463 1096 1530 literarum
1126 1461 1291 1528 elementis

191 1569 330 1637 imbutus
354 1573 551 1653 gymnasium
574 1573 779 1657 frequentavi,
804 1573 888 1655 quod
910 1579 980 1639 tum
1003 1569 1137 1636 florebat
1146 1569 1292 1635 Wilmsio

190 1680 303 1746 deinde
326 1677 511 1745 Gaudtuero
537 1679 751 1747 directoribus.
793 1680 928 1747 Ineunte
956 1697 1030 1747 vere
1058 1695 1108 1742 66.
1134 1677 1215 1739 1866
1241 1694 1293 1740 me

190 1789 310 1853 oontuli
331 1787 472 1853 Bonnam
495 1786 607 1852 studiis
627 1787 811 1870 theologicis
834 1792 868 1854 61
887 1785 1087 1869 philologieis
1107 1790 1294 1863 navaturus,

191 1895 302 1962 deiude
331 1913 404 1962 vere
437 1898 515 1959 1867
548 1895 687 1976 Lipsiam
717 1898 848 1980 migravi
876 1897 930 1963 ubi
960 1913 1017 1978 per
1043 1911 1163 1960 annum
1187 1891 1294 1958 audivi

192 2005 275 2070 viros
290 2004 482 2071 clarissimos
499 2004 650 2086 Ritsohel‚
665 2004 804 2086 Curtius,
820 2005 953 2084 Zarnke‚
974 2001 1137 2078 Drobiseh,
1151 1999 1294 2066 Wuttke.

192 2113 314 2180 Deinde
336 2132 392 2197 per
414 2111 492 2178 duos
515 2130 613 2179 anuos
635 2114 667 2177 iu
689 2113 820 2180 aedibus
840 2113 948 2179 Beokii
970 2111 1028 2176 viri
1051 2109 1243 2174 ornatissimi
1263 2108 1295 2173 in

191 2218 349 2284 Senoniae
362 2216 498 2300 quadum
520 2217 646 2297 regione
668 2215 776 2283 liberis
798 2215 970 2282 educandis
991 2235 1121 2302 operam
1140 2217 1220 2284 dedi.
1242 2218 1295 2283 In·

191 2330 287 2391 eunte
317 2341 391 2391 vere
415 2327 493 2388 1870
518 2326 659 2392 Bonnam
682 2344 828 2392 reversus
854 2325 969 2392 studiis
989 2327 1145 2405 historicis
1167 2345 1295 2410 operam

193 2435 275 2501 dedi.
303 2435 382 2500 Ourn
404 2435 523 2501 bellum
543 2442 729 2502 exoneretur
748 2436 878 2516 quintae
899 2435 1040 2502 decimae
1062 2435 1176 2518 legioni
1200 2435 1296 2502 ascri-

193 2548 267 2624 ptus
289 2543 329 2608 ab
353 2548 401 2608 18.
416 2544 497 2626 Aug.
520 2562 620 2626 usque
642 2547 682 2611 ad
710 2550 735 2609 l.
751 2544 827 2626 Apr.
848 2549 925 2609 1871
947 2547 1295 2629 eontraFrsneogallos

192 2670 283 2717 arma
312 2653 383 2731 tuli,
416 2653 528 2720 deinde
551 2654 654 2720 denuo
675 2655 804 2719 Bonnae
835 2653 947 2720 studiis
973 2654 1099 2720 incubui
1130 2654 1294 2720 historicis,

191 2760 374 2828 Doouerunt
405 2780 456 2826 me
494 2762 622 2829 Bonnae
656 2763 801 2843 Bernays,
834 2763 999 2839 Btoheler,
1035 2762 1173 2844 Dilthey‚
1205 2764 1294 2846 lehn,

190 2869 304 2951 Krafft‚
327 2872 447 2954 Lange,
473 2871 590 2955 Meyer,
613 2870 754 2950 8666166,
777 2870 930 2950 8666666,
955 2870 1113 2954 springer,
1136 2871 1175 2938 de
1190 2871 1295 2954 Sybel,

194 2978 325 3059 Usener,
349 2979 578 3065 Varnentrapp.
626 2980 748 3059 Quibus
779 2980 853 3045 viris
881 2981 999 3062 optime
1026 2979 1065 3046 de
1098 2998 1149 3046 me
1173 2981 1295 3048 meritis

190 3087 317 3168 gratias
338 3107 409 3172 ago.
443 3091 602 3172 Imprimis
625 3107 700 3155 sero
724 3107 762 3154 ex
785 3089 881 3154 animi
903 3091 1060 3155 sententia
1079 3107 1175 3171 quam
1195 3091 1294 3156 maxi·

196 3213 266 3260 mas
292 3213 353 3278 ago
375 3199 495 3280 gratias
517 3196 668 3264 Schofero
690 3203 722 3261 61
743 3196 781 3262 de
807 3195 929 3278 Sybelo,
952 3199 1005 3279 qui
1026 3198 1160 3281 benique
1181 3201 1295 3279 permi-

195 3309 308 3370 serunt
331 3312 367 3371 ut
388 3308 556 3374 seminario
575 3306 725 3374 historico
745 3306 863 3373 sodalis
885 3323 942 3390 per
965 3310 1029 3372 tres
1052 3314 1220 3391 semestres
1240 3310 1295 3375 ad·

192 3412 350 3482 scriberet
364 3418 395 3481 et
408 3415 632 3501 benignissimo
656 3421 753 3497 atque
772 3415 959 3483 amicissimo
980 3417 1106 3483 oonsilio
1126 3422 1158 3484 et
1180 3416 1295 3485 auxilio

193 3539 245 3588 me
270 3521 469 3590 adiuverunt.
