3078 5096
791 379 831 440 60

261 566 378 631 victum
401 568 434 630 et
456 563 656 630 interiectum
679 582 757 643 esse,
776 583 847 631 cum
869 564 968 646 Niger
987 561 1072 652 apud
1092 564 1200 646 portas
1223 559 1362 626 Aminia-

262 692 315 738 cas
337 672 462 740 demum
486 674 587 768 victus
610 673 652 740 sit
678 672 699 754 l.
735 675 777 738 Et
799 693 839 740 ne
860 691 958 740 unum
981 672 1106 754 quidem
1129 670 1262 736 verbum
1282 667 1363 734 dicit

262 783 449 864 Spartianus
473 783 511 846 (16
524 781 655 864 Byzanti
677 783 917 864 oppugnatione,
940 784 979 848 de
1002 801 1066 864 qua
1087 781 1210 862 copiose
1227 778 1286 844 Dio
1309 781 1361 856 74,

264 895 386 954 10-14
407 892 525 956 retulit.
553 890 667 972 ltaque
689 892 809 957 Marius
832 891 991 958 Maximus
1011 909 1117 956 rerum
1142 891 1276 972 scriptor
1298 906 1364 954 non

260 997 288 1064 is
310 998 346 1062 L.
358 999 479 1066 Marius
504 998 663 1067 Maximus
686 1019 755 1068 esse
778 1005 892 1082 potest,
917 1000 969 1081 qui
991 1004 1065 1065 ante
1084 998 1273 1080 Byzantium
1297 996 1361 1079 pri-

262 1125 332 1173 mae
360 1107 476 1190 legioni
497 1108 627 1175 Italicae
650 1109 787 1191 praefuit
798 1109 836 1191 ²).
878 1109 1064 1175 Incredibile
1090 1115 1140 1175 est
1163 1108 1283 1189 ducem,
1307 1108 1364 1189 qui

261 1215 374 1296 legioni
404 1237 461 1299 per
488 1221 588 1280 totam
616 1215 809 1281 obsidionem
838 1215 1012 1298 praefuerit
1043 1215 1082 1280 de
1109 1215 1267 1282 obsidione
1295 1220 1364 1280 tam

263 1324 351 1406 gravi
380 1326 536 1404 tacuissc3
567 1325 766 1403 eundemque
791 1325 831 1390 de
860 1323 943 1390 bello
955 1324 1021 1420 Ncui
1051 1323 1119 1405 ipse
1140 1323 1204 1388 dux
1232 1323 1364 1406 legionis

262 1432 441 1499 interfuerit
465 1437 531 1498 tam
560 1431 644 1498 falsa
674 1433 843 1513 ineptaque
874 1449 1032 1498 6666666.
1075 1431 1257 1512 Praeterea,
1289 1449 1363 1499 cum

262 1539 383 1606 Marius
403 1540 561 1606 Maximus
582 1559 688 1605 rerum
705 1539 841 1623 scriptor
852 1539 1014 1606 Commodi
1025 1537 1262 1623 Pertinacisque
1283 1545 1363 1606 tern-

262 1648 389 1732 poribus
409 1650 529 1715 Rornae
551 1649 649 1714 fuisse
673 1648 826 1726 videatur,
851 1648 885 1712 L.
907 1647 1027 1713 Marius
1052 1646 1210 1714 Maximus
1229 1648 1293 1730 ille,
1323 1649 1364 1714 (16

264 1776 326 1838 666
350 1762 449 1839 agunt
471 1757 698 1840 inscriptiones,
726 1775 850 1838 semper
872 1757 903 1822 in
926 1757 1093 1839 provinciis
1114 1756 1212 1823 fuisse
1238 1757 1363 1824 dicitnr.

364 1869 479 1934 Utrum
502 1866 701 1932 Herodianus
723 1883 763 1931 an
783 1865 842 1930 Dio
870 1865 1042 1948 Sulpiciani
1063 1883 1171 1932 necem
1195 1867 1298 1948 magis
1321 1867 1364 1933 ad

263 1974 431 2039 veritatem
455 1973 653 2038 enarraverit
674 1973 789 2038 Mdller
809 1973 974 2038 diiudicari
997 1972 1065 2037 vult
1094 1995 1111 2041 e
1133 1976 1186 2042 vit.
1208 1973 1314 2040 Severi
1336 1995 1363 2042 c.

267 2087 317 2164 18,
342 2087 359 2147 b
390 2086 473 2148 etl.
498 2082 717 2150 Praetermisit
746 2083 804 2148 hoc
836 2082 903 2148 loco
925 2100 987 2148 uon
1011 2085 1050 2148 dc
1073 2084 1242 2169 Sulpiciani
1263 2089 1368 2150 morte

265 2192 372 2257 disseri
396 2193 451 2258 sed
479 2191 518 2257 do
546 2190 609 2256 alia
634 2209 679 2272 re,
701 2209 783 2273 quae
806 2192 889 2258 inter
913 2190 1063 2258 Severum
1086 2193 1365 2276 Sulpicianumque

265 2303 442 2370 intercessit
464 2321 558 2383 quarn
582 2303 643 2367 Dio
663 2306 792 2368 enarrat
817 2306 865 2380 73,
893 2307 939 2368 10.

715 2593 912 2601 ——om

370 2831 448 2896 Cum
472 2833 535 2898 iam
559 2851 641 2914 quae
656 2832 695 2898 de
717 2832 845 2913 reliquis
860 2833 1087 2913 imperatorum
1104 2830 1178 2896 vitis
1197 2828 1367 2910 conscripsi

266 2941 327 3006 bac
350 2940 571 3007 dissertatione
594 2943 625 3005 in
648 2940 749 3006 lucem
772 2942 866 3007 edere
880 2958 949 3005 non
970 2941 1097 3021 possim,
1122 2939 1153 3004 id
1177 2937 1367 3020 patefecisse

266 3048 354 3128 duco,
385 3048 594 3131 Capitolinum
624 3055 656 3116 et
679 3049 885 3132 Spartianum
906 3050 1154 3132 haudquaquam
1175 3048 1309 3114 eundern
1332 3048 1366 3112 in

157 3159 159 3166 ’
267 3158 395 3222 modurn
418 3160 500 3225 vitas
520 3161 682 3230 conflasse.
708 3161 864 3244 Equidem
890 3161 1056 3244 Spartiano
1078 3159 1183 3224 tribuo
1205 3158 1288 3224 vitas
1301 3155 1366 3222 Ha·

268 3267 380 3346 driani‚
410 3269 495 3349 Heli,
523 3269 580 3348 Pii,
613 3270 736 3351 Iuliani,
768 3273 883 3349 Severi,
913 3271 1013 3352 Nigri,
1045 3268 1160 3347 Albini,
1190 3265 1366 3350 Capitolino

268 3377 376 3456 Marci,
400 3376 570 3457 Commodi,
592 3379 774 3462 Pertinacis,
789 3380 953 3458 Caracalli,
978 3379 1088 3457 Getae,
1111 3375 1368 3451 Maximinorum,

268 3484 509 3566 Gordianorum,
527 3488 656 3554 Maximi
672 3492 704 3553 et
718 3490 852 3569 Balbini,
865 3488 1047 3571 Lampridio
1060 3487 1143 3552 vitas
1156 3483 1365 3566 Heliogabali,

268 3595 467 3675 Diadumeni,
497 3596 639 3662 Macrini.
684 3598 879 3681 Capitolinus
908 3596 1087 3678 complures
1115 3599 1261 3661 auctores
1289 3592 1368 3675 legit

371 3807 396 3871 l)
415 3803 498 3858 Falso
529 3805 601 3858 enirn
625 3805 801 3860 Herodianus
823 3805 864 3859 111
887 3806 975 3858 a-6
1002 3805 1093 3872 (quem
1119 3799 1221 3854 Mulier
1243 3796 1368 3854 defendit

268 3913 294 3968 p.
315 3898 475 3965 las-158),
495 3898 612 3968 Nigrum
637 3899 673 3952 ad
691 3898 779 3952 Issum
806 3899 910 3955 victum
935 3916 992 3953 esse
1013 3899 1110 3950 narrat
1135 3895 1263 3965 analogia
1289 3893 1368 3948 sedu-

269 3995 340 4057 ctus,
360 3996 391 4046 ut
405 3994 498 4047 eodem
519 3993 580 4049 loco
600 4013 655 4064 quo
673 3996 747 4050 inter
758 3995 947 4050 Alexandrum
960 3995 1131 4062 Duriumque
1149 3995 1303 4064 pugnatum
1322 3990 1367 4054 sit,

269 4090 343 4144 inter
352 4090 470 4161 Nigrum
489 4109 599 4162 quoque
612 4090 796 4161 Severnmque
817 4091 851 4146 de
869 4089 986 4158 imperio
1005 4093 1143 4144 certatum
1162 4106 1221 4144 6666
1238 4085 1367 4158 fingeret.

370 4187 395 4258 2)
415 4185 501 4242 Orelli
518 4186 632 4242 Henzen
652 4189 729 4244 5502.
755 4187 892 4259 Borghesi
910 4185 1032 4245 douvres
1051 4186 1075 4240 V
1094 4204 1121 4261 p.
1134 4184 1285 4242 ros-485.
1305 4181 1366 4239 Mu·

269 4285 359 4348 calori
380 4287 439 4350 146.
458 4285 559 4350 Mater
579 4287 768 4366 6170-174.
